2640 4634
172 363 215 428 52
538 355 685 446 Querei
720 359 741 426 l.
775 359 817 429 [l.

173 549 252 621 Quid
268 549 319 601 tibi
342 566 409 600 cuni
428 549 558 615 teneris,
578 567 670 617 orer,
691 550 890 620 Philopornpe
910 554 1057 607 Caniuenis
1070 560 1082 610 ἱ)

239 642 317 714 Quid
341 641 414 710 petis
439 641 541 693 inuniti
560 642 680 695 Musica
701 658 784 694 sacru
803 647 915 698 manu?

175 735 253 806 Quid
272 733 302 799 ⁴)
321 735 481 804 profugum
500 735 680 800 Huttenuin‚
703 734 790 787 toties
810 751 861 788 sua
880 738 936 790 fata
959 750 1145 808 gementem,

241 828 365 879 Infestus
386 827 479 892 odiis,
498 827 661 892 invidiose,
680 827 790 878 novis?

178 921 205 975 si
223 920 300 972 bene
319 934 500 983 succenses,
520 935 576 970 nec
596 918 695 986 iniquo
716 920 832 972 duceris
854 938 943 988 ausu,

240 1012 279 1065 Et
300 1027 435 1076 causum,
458 1011 486 1061 in
507 1010 596 1062 nobis
616 1027 679 1078 quau
700 1011 750 1063 tibi
770 1022 904 1080 praestet,
922 1015 1031 1079 habes,

173 1107 244 1161 Nou
264 1122 338 1175 opus
358 1105 491 1156 occultas
515 1103 543 1154 in
564 1120 618 1155 nos
638 1104 825 1156 committere
845 1106 979 1172 fraudesa

200 1262 204 1267 .
242 1198 297 1250 Sed
316 1206 401 1265 potes
419 1196 483 1248 hacc
502 1196 632 1264 patulum
651 1213 764 1264 ponere
783 1197 810 1247 in
832 1197 993 1251 arbitrium.

176 1290 296 1343 Certum
319 1300 380 1355 est,
404 1288 544 1340 nocuisse
562 1288 652 1353 inihi,
673 1289 802 1341 voluisse
824 1306 953 1355 nocere,
1018 1336 1022 1345 .

243 1383 365 1434 Certum
385 1391 447 1446 est,
469 1396 606 1432 rumores
625 1389 788 1433 attenuasse
807 1398 891 1434 meos
901 1402 911 1449 ;

173 1475 331 1541 Multaque
354 1473 389 1524 de
408 1472 496 1524 nobis
517 1472 612 1537 lingua
631 1472 766 1524 statuisse
785 1488 906 1541 severa,

244 1565 318 1636 Quae
337 1563 433 1616 nolles
453 1581 556 1616 coram
575 1565 768 1632 proposuisse
785 1567 868 1620 mihi.

174 1659 259 1713 Pone
277 1670 333 1709 tuae
353 1659 438 1708 freno
461 1656 579 1709 admoto
604 1657 738 1709 convicia
757 1658 873 1727 linguae,

243 1751 344 1816 Pone,
369 1765 494 1819 precor,
514 1749 634 1813 (lurum,
654 1749 677 1801 si
697 1759 801 1817 potes,
821 1752 975 1820 invidiam3

174 1846 249 1909 Aut,
269 1845 292 1896 si
312 1845 388 1895 sorte
407 1840 530 1909 nequis,
554 1852 582 1892 et
601 1852 628 1892 te
648 1841 717 1910 quid
736 1843 842 1896 loedere
862 1858 997 1915 oportet,

244 1937 270 1989 Si
290 1953 350 1987 non
369 1935 412 1986 vis
430 1933 518 1985 nobis
538 1950 677 2002 parcere,
695 1951 785 2002 parce
805 1935 867 1989 tibi.

174 2033 221 2083 An
236 2031 319 2098 juvat
336 2028 406 2079 huic
425 2026 532 2077 rabidis
551 2026 651 2076 moliri
669 2027 859 2082 incommoda
877 2033 993 2085 verbis.

244 2122 342 2192 Quem
363 2129 467 2170 notuin
487 2129 530 2169 est
548 2134 698 2187 nunquam
720 2121 762 2172 sic
781 2124 921 2177 nocuisse
940 2126 1013 2178 tibi?

176 2214 295 2287 Quique
313 2222 377 2264 tuns
396 2211 495 2262 laudes
515 2224 599 2279 {equo
619 2210 756 2279 dispersit
773 2213 909 2281 honore,

242 2306 281 2358 Et·
299 2305 347 2374 qui
367 2303 447 2356 omui
467 2304 502 2354 de
520 2312 548 2354 te
567 2303 736 2370 suspicione
757 2310 862 2360 vacat?

177 2400 306 2452 Laudari
324 2397 497 2463 vultumque
517 2406 617 2459 tuum,
638 2404 797 2466 gestusque
816 2415 956 2467 serenos,

243 2488 373 2544 Lautiuvi
392 2503 512 2551 utores,
535 2503 607 2537 osor
626 2486 743 2555 inique,
767 2499 845 2545 tuos.

176 2584 283 2640 Omnia
302 2601 357 2652 pro
378 2581 467 2633 rebus
478 2619 486 2645 ,
507 2578 642 2647 fictoque,
657 2594 695 2631 ex
713 2591 837 2648 pectore
856 2600 1020 2655 nunquam,
1072 2584 1075 2588 ’

244 2677 325 2743 Saepe
343 2685 426 2726 tuum
445 2670 540 2737 magui
560 2671 685 2723 l'eciutus
708 2674 870 2741 eloquium.

175 2770 246 2823 Nou
265 2780 361 2820 tamen
387 2767 440 2818 ista
459 2780 541 2815 tuum
560 2763 648 2816 nobis
669 2778 827 2816 eniterentur
849 2784 1000 2833 umorem,

244 2860 282 2911 Et
300 2860 336 2910 sit
355 2859 382 2909 iu
403 2856 550 2924 obsequio
572 2856 660 2922 gratis
679 2857 756 2907 nuile
777 2873 857 2910 tneo,

167 2953 256 3025 *Quid
273 2951 347 3019 petis
367 2951 547 3012 innocuum,
567 2948 637 2999 nihil
658 2949 685 3000 iu
704 2962 751 3000 tua
765 2949 833 3016 juru
853 2952 1013 3019 ferentem,

243 3043 282 3097 Et
300 3043 377 3094 nulla
397 3042 554 3093 adversum
574 3041 743 3094 conditione
760 3042 835 3095 tibi?

178 3137 205 3190 Si
222 3147 249 3188 te
269 3137 360 3188 laudis
381 3151 464 3186 amor
481 3134 686 3201 lacerundique
707 3143 766 3186 atra
786 3134 911 3203 cupido,

246 3231 377 3297 Spesque
396 3227 470 3279 lucri
489 3226 537 3291 **)
557 3226 687 3277 rabidam
708 3228 786 3295 cogit
803 3229 832 3280 in
850 3228 1005 3292 iuvidiam,

180 3321 328 3386 invidens,
348 3320 371 3371 si
391 3320 456 3387 quis
476 3317 593 3373 meliori
618 3331 758 3383 congerat
781 3337 854 3372 auro
874 3319 939 3385 μα>

246 3412 438 3463 Eirtaiiuturus
457 3422 593 3478 tempore
612 3408 724 3464 divitias
733 3430 743 3477 3

180 3502 312 3555 Invideas¹
333 3516 434 3566 tanniu,
455 3501 478 3552 si
498 3502 562 3568 quis
582 3502 707 3554 meliore
727 3503 859 3563 fruatur,

245 3594 283 3645 Et
302 3595 326 3644 si
345 3609 434 3662 quein
452 3593 538 3644 simili
558 3595 664 3647 laedere
682 3610 768 3646 more
787 3604 883 3663 potes.

230 3790 252 3835 *j
271 3787 334 3829 Eheu
353 3799 379 3830 se
398 3789 439 3842 qui
457 3788 514 3830 statt
532 3790 594 3842 quid.

213 3874 249 3920 *ri
268 3871 294 3914 lu
313 3870 354 3912 der
371 3870 545 3913 Drueksehrift:
564 3860 630 3923 istem
649 3876 718 3918 lueri.

202 3963 252 4010 *tri
271 3957 306 3999 M.
324 3952 377 3997 ruth
395 3953 436 3996 :tuf
451 3968 521 3998 euru.
