2670 4628
369 369 406 443 in
430 371 589 444 Venetos
613 371 920 449 Exhortstorium.
1081 376 1148 454 l35
1186 399 1188 409 ·

135 567 215 621 Tum
235 565 317 636 quod
338 565 366 618 in
388 566 561 635 exemplum
584 573 711 636 possunt
728 565 762 622 ea
780 563 905 624 crimine
922 569 1009 637 duci,

202 667 347 735 conjice,
373 666 401 718 ni
421 666 533 723 foedum
555 683 641 736 poena
661 660 802 739 sequatur
820 687 909 740 opus.

133 764 225 839 Quod
245 765 301 818 nisi
321 766 356 818 de
375 765 487 818 Veneta
506 769 649 820 sumenda
667 769 722 821 erit
740 769 812 823 ultio
831 770 951 839 fraude,

200 867 266 922 Hoc
285 874 406 935 poteras
424 865 540 919 bellum
558 877 666 937 sponte
686 868 786 923 iniisse
805 878 863 925 tua.

129 960 224 1020 Unius
244 967 284 1019 ob
304 974 420 1034 raptum
437 966 535 1036 nuptae
554 968 638 1022 secia
657 985 737 1022 arma
756 971 892 1041 sequuti,

198 1066 341 1119 Eruerint
359 1067 453 1120 Danai
471 1067 617 1135 Pergama
639 1069 718 1122 celsa
738 1070 841 1123 duces.

131 1170 212 1220 Ausa
239 1167 276 1219 sit
295 1166 413 1222 Oebalii
432 1167 556 1221 soboles
575 1167 709 1221 animosa
727 1168 856 1240 Philippi

200 1267 370 1323 Humanum
390 1266 470 1319 bello
490 1267 650 1321 sollicitare
669 1285 780 1336 geum,

132 1367 291 1420 Monuerit
310 1366 409 1419 affines
429 1377 579 1436 raptarum
600 1385 687 1424 causa
705 1368 848 1437 Sabinos,

194 1470 348 1523 Adversus
366 1469 496 1523 Romam
521 1469 700 1524 contrahere
720 1485 801 1524 arma
819 1487 939 1527 novam.

131 1567 199 1622 Nos
217 1569 350 1622 Venetos
375 1585 467 1637 regno
486 1568 634 1635 tumidos,
663 1577 693 1622 et
711 1578 814 1623 nostru
835 1580 987 1640 petentes,

195 1670 218 1725 F
221 1686 287 1723 erre
308 1677 392 1721 extra
411 1667 518 1737 patrias
537 1684 618 1720 arma
636 1667 768 1722 sinemus
787 1673 900 1738 aquas?

132 1767 230 1841 Quam
247 1769 357 1823 molles
378 1767 449 1820 olim
469 1767 589 1835 populi,
619 1766 759 1836 belloque
779 1768 931 1834 minores,

200 1869 249 1923 Ne
267 1869 331 1922 sine
351 1868 523 1922 Germanos
541 1882 603 1918 non
624 1865 758 1935 potuisse
776 1867 879 1935 magis.

133 1967 207 2040 Quae
225 1978 328 2022 natura
346 1968 425 2035 loci,
453 1982 576 2036 quaeque
596 1981 643 2018 ars
664 1965 700 2019 ab
720 1967 832 2036 origine
850 1966 961 2037 gentis,

196 2070 318 2123 Institor
335 2067 482 2121 Adrianus
502 2066 608 2121 vendat
629 2075 765 2137 ematque
790 2067 891 2138 piper,

131 2170 184 2223 Cui
202 2171 300 2223 minus
320 2177 381 2236 est,
406 2168 534 2238 putrium
551 2167 694 2237 piscando
715 2168 831 2236 naviget
849 2185 968 2240 aequor,

196 2268 284 2341 Spem
304 2270 379 2325 lucri
399 2286 519 2340 parvam
540 2267 750 2338 possideatque
769 2270 923 2340 scapham.

128 2370 177 2425 Tu
195 2379 280 2423 natos
299 2386 315 2422 e
333 2369 434 2422 Marte
454 2368 538 2421 viros
556 2384 594 2421 ne
613 2367 704 2420 crede
719 2365 844 2435 timeri,

194 2470 278 2523 Dum
297 2469 368 2521 sinis
387 2486 402 2521 a
422 2469 534 2523 Marco
555 2465 720 2519 semileone
738 2467 808 2537 peti.

126 2572 230 2639 Usque
251 2568 325 2620 adeo
344 2566 442 2635 pudor
462 2574 525 2629 est,
550 2564 633 2633 quod
657 2579 713 2616 nos
733 2564 846 2617 Veneta
871 2583 954 2619 arma
980 2566 1145 2633 lacessant,

199 2669 281 2724 Tum
301 2667 371 2737 quid
392 2664 417 2718 si
438 2671 559 2730 eontra,
585 2670 617 2714 tu
634 2660 708 2714 nihil
725 2677 815 2715 ausus
835 2666 908 2716 eas?

128 2770 264 2824 Consule
284 2765 490 2837 temporibus,
520 2763 638 2818 videant
654 2769 704 2815 tua
722 2764 799 2817 facta
816 2771 963 2834 nepotes,

197 2870 341 2938 Dumque
362 2868 449 2934 lieet,
475 2865 584 2920 famam
602 2863 784 2934 posteritatis
803 2863 859 2917 adi.

129 2971 235 3025 Gloria
253 2978 401 3037 quaeratur
422 2965 476 3018 tibi
494 2966 639 3022 Persidos
659 2966 764 3021 aemula
783 2964 872 3034 Cyri,

194 3069 300 3122 Nitere
319 3066 421 3121 Pellaei
439 3065 561 3118 vincere
579 3075 660 3134 gesta
680 3067 774 3121 ducis.

126 3171 173 3223 Ad
191 3166 439 3221 Lacedaemonios
458 3164 555 3216 animo
576 3165 726 3218 contende
744 3162 932 3230 triumphos,

195 3265 357 3321 Thebanae
375 3265 477 3320 laudes
496 3251 738 3334 Cecropiumque
759 3262 865 3317 decuS.

126 3371 221 3424 Vince
239 3383 345 3436 graves
364 3365 482 3419 Marios
500 3363 625 3431 virtute,
652 3352 826 3433 amplosque
844 3358 1009 3426 Metellos,
1107 3364 1113 3378 ⁹

193 3468 367 3534 Fabricios,
396 3465 522 3532 Curios,
552 3464 760 3539 Scipiadasflue
778 3460 889 3513 bonos.
968 3472 972 3497 ¹

126 3571 366 3641 Pompeiumque
384 3569 509 3632 senem'‚
538 3565 591 3619 sed
615 3563 711 3617 adhue
729 3577 781 3615 sua
800 3561 857 3613 fata
876 3555 1067 3627 sequentem,

196 3670 331 3743 Quaeque
351 3665 496 3738 repentini
516 3664 642 3718 Gesseris
662 3671 725 3716 acta
740 3667 861 3721 canunt.

126 3772 220 3826 Vince
247 3771 386 3842 inquam,
413 3775 555 3835 tantoque
581 3762 690 3831 magis,
717 3759 799 3830 quod
824 3757 874 3828 qui
900 3757 954 3809 ista
978 3753 1136 3825 gerebant,

124 3876 127 3881 ’
194 3869 310 3924 Horum
330 3884 419 3941 quam
436 3874 540 3920 nostra
559 3872 603 3918 cst
621 3861 730 3917 bellica
747 3860 825 3913 sarna
844 3856 952 3912 minor.
