2640 4634
557 371 657 470 Eleg.
696 371 735 442 V.

141 571 268 640 Vimque
288 569 366 622 sinas
386 568 448 620 fieri
468 569 605 638 cuiquam
623 567 771 620 violenter
791 570 820 621 in
839 568 902 637 illa,

208 664 276 716 Nee
295 662 380 714 malis
399 661 479 728 leges
498 660 637 726 omnibus
658 660 700 712 ire
719 663 825 729 pares?

141 756 169 811 si
187 755 259 808 mihi
278 770 339 806 non
359 753 431 804 falsa
450 761 511 818 est,
530 769 594 823 quae
614 753 648 804 de
667 761 695 804 te
716 753 793 806 fama
812 764 948 823 vagatur,

209 847 344 918 Quaeque
361 854 431 898 tuos
450 861 570 911 morea,
597 844 804 915 ingeniumque
833 848 959 917 probat,

138 938 210 995 Non
229 939 349 1008 impune
368 939 444 989 feret
461 937 570 989 summi
590 946 781 1007 contemptor
798 940 922 995 honoris
932 980 943 1007 ,

209 1033 237 1086 Si
260 1032 415 1101 quisquam
438 1040 482 1082 est
501 1031 581 1096 leges
600 1046 688 1083 ausus
707 1029 781 1083 inire
800 1042 874 1085 tuas·

141 1128 180 1179 At
198 1127 274 1179 solet
293 1124 415 1176 afflictos
434 1122 525 1174 rebus
544 1121 672 1191 spoliare
690 1122 799 1177 Poetas

209 1218 353 1283 Lossius,
375 1232 516 1281 assensu,
539 1215 725 1284 consilioque
745 1217 834 1285 patris
842 1235 852 1283 ;

142 1312 211 1377 lile,
230 1309 280 1362 ubi
297 1319 329 1363 tu
347 1323 471 1375 regnae,
492 1307 543 1359 ubi
561 1308 695 1360 libertate
717 1317 838 1376 paterna

209 1403 319 1455 Tracta
337 1400 389 1454 tibi
409 1417 424 1453 a
441 1400 537 1467 longis
557 1401 756 1467 regnatueris
775 1401 855 1456 avis:

141 1497 174 1549 In
192 1495 335 1547 miserum
354 1495 515 1547 Huttenum
534 1508 704 1562 supremam
725 1493 860 1546 exercuit
883 1494 955 1549 iram
965 1512 975 1565 ς

210 1587 336 1658 Quaere,
358 1584 426 1654 quid
444 1584 494 1638 hic
510 1585 586 1653 juris
608 1585 752 1653 subroget
770 1586 817 1638 ille
838 1588 916 1642 sibi?

140 1685 205 1748 An,
225 1681 292 1750 quia
310 1678 477 1745 debebam,
496 1694 560 1747 quae
579 1687 649 1730 tune
667 1694 728 1731 non
748 1679 872 1732 reddere
890 1697 1029 1751 possem,

208 1774 373 1842 Propterea
392 1766 438 1824 dis
458 1779 580 1823 estnon
600 1771 675 1822 male
695 1770 771 1823 faeta
788 1770 884 1825 mihi?

139 1867 222 1941 Quin
243 1865 354 1919 abitum
372 1863 488 1934 pepigi,
508 1880 597 1933 quem
616 1860 746 1934 perfidus
765 1862 813 1916 ille
833 1867 962 1931 remisit,
997 1865 1000 1869 ’

208 1958 247 2012 Et
265 1966 333 2011 sunt
352 1958 385 2009 ad
405 1964 508 2008 nutum
529 1956 640 2022 singula
660 1957 736 2008 facta
756 1955 823 2010 viri.

141 2052 232 2106 Nune
249 2059 347 2102 tamen
367 2049 415 2101 ille
433 2059 535 2115 negat,
554 2048 624 2100 dum
644 2064 699 2116 pro
718 2063 750 2099 se
768 2048 894 2116 piurima
912 2047 1009 2117 fingit,

211 2144 310 2215 Quem
329 2145 446 2195 constat
464 2140 533 2193 facti
552 2140 724 2210 poenituisse
743 2141 799 2193 sui.

141 2239 181 2290 At
198 2234 268 2317 mihi
288 2236 433 2287 detractas
454 2242 565 2301 aegroto
585 2250 600 2285 a
620 2250 750 2303 eorpore
769 2242 883 2302 vestes,
913 2308 915 2313 Ι

212 2327 360 2400 Quodque
379 2326 430 2378 tuli
450 2326 478 2378 in
497 2326 592 2391 dure,
612 2326 704 2378 tristia
723 2327 812 2379 multa
823 2367 831 2393 ,
849 2327 927 2395 gelu.

144 2421 172 2474 si
190 2429 218 2472 te
236 2419 305 2489 quid
324 2419 463 2484 miseret,
481 2417 582 2471 miseri
602 2417 745 2473 miserere
764 2419 885 2486 Poe'tae,

214 2513 272 2564 Res
292 2523 336 2564 est
355 2512 407 2563 ista
426 2521 494 2563 tuos
513 2510 597 2577 digna
620 2527 745 2563 movere
767 2511 894 2563 animos⁶

144 2605 217 2659 Non
236 2621 288 2672 ego
308 2620 375 2656 sum
395 2601 487 2669 frigus
506 2602 651 2653 mediocri
669 2600 751 2653 triste
770 2602 875 2654 dolore

211 2697 336 2762 PassuS,
356 2695 383 2747 in
406 2694 512 2747 afflicto
534 2710 664 2763 corpore
684 2692 776 2745 febris
796 2702 867 2746 erat.

144 2789 269 2858 Insuper
288 2798 315 2841 et
332 2787 439 2840 vuinus
457 2787 541 2840 lateri
560 2784 752 2856 lacrymabile
771 2795 875 2863 nostro

211 2881 319 2947 Haesit,
342 2889 370 2932 et
389 2896 428 2932 ex
446 2880 527 2933 omni
546 2889 627 2948 parte
651 2878 796 2932 dolendus
816 2895 907 2933 eram.

144 2975 214 3037 Haec
233 2982 369 3041 poterant
389 2972 522 3024 movisse
543 2972 660 3038 virum,
680 2971 729 3040 qui
748 2971 868 3024 mobilis
888 2980 984 3040 esset,

211 3066 281 3119 Haec
301 3060 396 3132 potuit
416 3078 508 3114 saevas
528 3078 615 3114 causa
631 3071 732 3117 tenere
751 3049 875 3116 manus:
929 3114 932 3121 ,

143 3158 213 3212 Non
233 3164 312 3208 tenet
331 3154 377 3204 ille
396 3162 511 3218 tamen,
532 3153 584 3206 sed
605 3163 709 3206 eontra
725 3154 871 3223 juraque,
895 3155 996 3222 fasque

211 3250 245 3303 In
264 3245 394 3298 miseros
413 3244 473 3295 dira
492 3244 657 3312 perditione
678 3244 758 3299 furit.

142 3341 237 3408 Exige
258 3336 385 3390 crudelis
405 3334 552 3388 rationem
571 3335 695 3388 reddere
714 3334 781 3386 faeti
792 3373 801 3400 ,

211 3434 279 3486 Nee
298 3438 399 3499 patere
418 3427 482 3479 haec
502 3426 583 3494 fieri,
602 3442 666 3496 quae
685 3425 848 3496 prohibere
866 3435 961 3496 petre.

145 3524 219 3596 Quae
237 3521 401 3593 prohibere
421 3528 506 3589 potes
517 3559 525 3586 ,
547 3528 575 3572 et
593 3536 656 3589 quae
675 3528 706 3570 tu
725 3526 859 3570 avertere
878 3519 987 3586 debeS,

211 3616 283 3669 Non
302 3612 365 3666 sine
385 3612 445 3664 vim
466 3610 548 3678 fieri,
568 3611 766 3680 saevitiamque
785 3610 868 3664 mihi.

145 3707 202 3760 Sed
221 3707 331 3758 factum
352 3714 415 3771 est,
437 3712 464 3757 et
484 3701 549 3773 quis
570 3703 729 3756 commissa
749 3701 896 3756 invertere
917 3705 1041 3774 posset?

213 3798 252 3850 Et
270 3798 338 3851 satis
361 3805 405 3850 est
422 3795 512 3864 hujus
532 3795 698 3864 paenituisse
719 3795 797 3849 mali.

148 3890 177 3942 Si
195 3891 264 3944 satis
284 3906 348 3942 esse
368 3898 471 3960 putas»,
489 3904 641 3956 nunquam
659 3888 812 3958 plectenda
830 3888 964 3959 putabis,

213 3983 310 4050 Digna
327 3984 376 4036 vel
396 3992 533 4036 extremo
556 3980 679 4034 crimina
700 3980 857 4050 supplicio.

182 4111 246 4154 Hutt.
265 4108 308 4166 Op.
327 4110 353 4154 Τ.
371 4109 389 4156 Ι,
773 4080 794 4146 3
