2640 4634
287 320 290 327 ¹
338 338 552 413 Verdieuste
579 336 653 439 und
679 334 913 411 Charaekter.
1077 364 1133 413 ιιι

118 538 169 613 28)
196 534 325 598 Nicol.
348 533 590 625 Reusnerus
611 529 657 606 (in
675 529 837 617 Imaginib.
858 526 928 592 Vir.
948 531 991 592 lit.
1010 525 1133 606 illustr.)
1204 608 1207 613 Ι
1252 497 1255 501 ¹

271 654 462 720 Huldriehus
484 656 661 726 Huttenus,
699 655 808 736 Eques
827 651 984 731 Francus,

315 754 438 835 optimis
458 751 598 816 eruditus
618 748 736 817 artibus
756 754 920 831 omnibus,

383 854 530 916 Minerva
549 853 630 914 duee
656 874 691 914 ac
715 855 876 943 magistra:

201 950 379 1020 Liternum
397 948 514 1034 pariter
535 960 568 1014 et
588 970 745 1016 armomm
763 966 911 1036 praestans
931 953 1049 1040 gloria:

327 1076 344 1116 a
363 1055 449 1119 Divo
469 1052 687 1116 Maximiliano
708 1051 734 1117 Ι.
757 1055 835 1118 Coes.
856 1057 940 1138 Aug.

382 1155 423 1216 ob
448 1153 628 1217 excellentis
652 1154 771 1237 ingenii
792 1157 879 1230 vim,

203 1272 238 1320 tto
269 1252 406 1338 probatae
438 1251 568 1327 virtutis,
595 1250 629 1316 in
660 1251 742 1317 bello
775 1254 904 1319 Veneto
927 1255 1049 1319 laudem
1126 1284 1129 1290 ·

520 1356 733 1439 singularem,

229 1469 261 1520 et
279 1452 380 1519 Po‘e‘ta
396 1453 526 1533 Lauro,
556 1469 587 1518 et
605 1459 714 1539 Eques
732 1477 809 1519 auro
831 1466 1019 1519 coronatus:

247 1550 416 1618 acerrimus
434 1568 652 1639 propugnator
672 1557 845 1619 eommunis
863 1556 1032 1620 libertatis:

187 1652 362 1740 Religionis
384 1658 501 1720 vindex
520 1654 658 1738 fideique
677 1669 768 1717 reone
788 1658 1062 1732 constantissimus,

191 1751 333 1821 Partium
350 1779 474 1838 semper
491 1757 650 1819 studiosus
669 1773 705 1819 ae
719 1756 868 1820 defensor
886 1758 1057 1819 bonarum:

156 1852 322 1921 Musarum
341 1870 374 1920 et
394 1859 571 1921 Gratiarum
587 1844 818 1936 Hierophantes
836 1842 1100 1937 incomparabilis.

162 2001 212 2078 29)
239 2000 421 2067 Andreas
449 1999 551 2064 voit
580 1994 785 2063 a'Rineels
807 1996 1088 2100 'Eq.'Franeus

267 2188 270 2195 Ι
298 2103 412 2183 (Epist.
433 2102 472 2164 ad
490 2097 619 2162 Henrie.
639 2100 789 2162 Petreum
810 2102 957 2179 Herdes.)

201 2214 376 2300 Cuperem,
395 2220 565 2329 permultos
585 2217 624 2279 de
644 2211 794 2277 Francica
812 2194 981 2301 Nobilitate
1000 2216 1134 2281 Hutteni

127 2313 272 2402 vestigiis
293 2319 458 2401 insistere,
497 2312 637 2391 virtute,
682 2316 884 2398 eruditione,
924 2329 955 2382 et
982 2318 1135 2381 industria

11 2462 18 2471 .
128 2410 298 2482 immortale
324 2434 440 2481 nomen
467 2435 502 2479 ac
528 2414 624 2480 decus
650 2437 772 2497 parare.

166 2563 232 2638 30)
239 2561 371 2636 Nicon
392 2557 645 2624 Frisohlinus
667 2556 780 2639 (Episl.
804 2557 919 2624 Selom.
939 2559 1097 2624 Frenlzel

510 2659 621 2722 Poem.
647 2656 748 2741 praef)

201 2754 267 2824 Ulr.
286 2755 460 2837 Huttenus,
487 2780 559 2824 oum
577 2782 658 2823 unus
672 2772 761 2823 esset
780 2777 821 2823 ex
841 2755 953 2826 oniine
974 2761 1134 2846 Equestri,

128 2853 247 2943 ingenii
262 2859 311 2925 sui
325 2857 409 2925 vires
423 2883 482 2943 pro
500 2862 600 2945 gloria
613 2856 674 2925 Dei
693 2863 844 2926 adversus
863 2867 1015 2927 malorum
1036 2860 1135 2924 homi·
1164 2924 1165 2927 ,

128 2983 205 3023 num
222 2974 367 3038 conatus,
394 2981 454 3042 pro
475 2959 675 3033 defendendo
694 2961 840 3026 Luthero
858 2963 1047 3026 convertit..

127 3105 176 3221 hl)
197 3101 424 3184 christoph.
444 3085 673 3168 Browerns'
685 3101 789 3183 (Fuld.
805 3104 960 3189 Antiquit.
976 3100 1050 3166 Lib
1064 3102 1135 3202 lV.)

155 3210 338 3290 Udatrie.
358 3207 489 3290 Hutten
509 3228 659 3310 Equestri
677 3222 824 3304 familia,
828 3245 918 3289 novae
939 3229 1035 3295 Sectae
1057 3226 1136 3287 Ger-

127 3344 290 3390 manorum
314 3312 509 3392 Poetarum
512 3326 717 3389 accerrimus:
748 3324 880 3389 Lutheri
899 3325 1135 3407 hyperaspistes

129 3424 195 3491 Sub
214 3431 305 3509 eujus
322 3427 461 3499 mordaci
474 3431 581 3508 Satyra
600 3435 631 3490 et
650 3427 821 3510 nigerrimo
834 3428 903 3490 Sale
921 3446 987 3491 non
1005 3426 1135 3488 intutius

127 3530 199 3604 ille,
232 3533 325 3612 quam
347 3526 475 3593 Teucer
492 3529 551 3591 sub
571 3523 677 3607 Aiacis
696 3530 825 3608 clypeo,
852 3526 951 3593 latuit.

130 3670 347 3750 32)Leonh
373 3668 572 3743 Hutterus
598 3669 643 3758 (in
663 3670 803 3745 Aetione
828 3683 939 3735 eontra
958 3673 1024 3737 tu
1045 3669 1136 3733 Grot-

569 3794 666 3837 orum

175 3872 303 3944 Ulrie.
322 3871 360 3934 ab
374 3865 447 3953 Hui
434 3877 520 3949 iten,
508 3796 609 3956 lsiq
630 3776 737 3951 (leiim.
765 3869 798 3935 b.
824 3868 958 3936 Lutheri
978 3812 1137 3939 tielensis·

129 3997 204 4038 nem
230 3985 338 4037 eontra
364 3972 543 4050 Pontilieis,
573 3984 605 4037 et
636 3971 738 4036 Curiae
768 3974 918 4047 Romanae
943 3973 1138 4052 tyranandem
1227 4055 1232 4069 Ι
