2640 4634
320 1081 377 1190 fia)
433 1080 481 1168 ln
507 1082 676 1168 laudem
705 1083 927 1178 Marchiae.

509 1333 733 1354 m

124 1530 301 1637 Marchia,
328 1571 495 1639 tardigrado
513 1578 591 1623 terra
612 1571 767 1642 interjecta
784 1575 900 1644 Bootae,

194 1665 381 1733 Gargarenm
399 1672 519 1734 superat
538 1664 685 1716 fertilitate
704 1666 815 1723 solum.

125 1759 217 1826 Cujus
237 1759 265 1810 in
286 1768 428 1811 autumno
448 1774 516 1810 cum
536 1755 811 1829 pinguibusineola
829 1759 925 1819 botris

192 1851 288 1907 Poma
299 1891 308 1918 ,
327 1852 383 1912 sub
404 1850 493 1909 aestati
512 1849 632 1919 praemia
655 1850 762 1903 messis
781 1851 881 1905 habet.

122 1943 181 1996 Vix
201 1944 288 2004 sentit
306 1943 399 2012 piceis
418 1942 555 1996 Borealia
575 1942 686 2009 frigora
704 1944 797 2010 taedis,

194 2037 351 2105 Tempore
371 2038 478 2089 foetura
495 2035 575 2088 veris
594 2036 723 2088 abundat
741 2053 840 2104 apum.

123 2130 208 2183 Adde
227 2129 320 2181 boum
342 2130 458 2195 cultuS,
476 2128 527 2180 hic
551 2144 680 2197 quorum
700 2129 787 2198 eopia
805 2138 882 2185 tanta
901 2143 955 2201 est,

192 2223 309 2295 Quanta
328 2223 384 2275 sub
402 2221 496 2274 donio
518 2221 613 2272 fertur
631 2237 719 2273 arena
737 2222 823 2274 mari.

121 2316 195 2368 Sunt
213 2324 242 2367 et
261 2315 327 2384 equi
351 2315 492 2380 celereS,
515 2313 634 2382 natique
653 2314 687 2376 ad
706 2315 823 2382 pondus
844 2317 935 2382 aselli,

190 2406 305 2480 Quaerit
325 2407 360 2461 ad
378 2406 549 2458 innumeras
568 2405 704 2473 gramina
723 2414 826 2476 pastor
844 2425 928 2462 ovea.

118 2501 159 2554 Ut
175 2508 273 2552 tamon
290 2499 357 2551 haec
374 2507 492 2564 taceaS‚
511 2499 607 2553 laetam
624 2513 715 2564 vagus
735 2499 835 2555 Odera
853 2508 965 2557 terram

187 2592 305 2658 Diluit,
325 2599 354 2642 et
371 2589 467 2646 varias
487 2588 620 2658 piscibus
641 2598 725 2656 auget
745 2607 830 2659 opes,

27 2707 30 2713 ·
119 2684 214 2757 Queis
233 2702 293 2739 non
312 2693 371 2736 tam
391 2682 522 2748 Tanais,
541 2698 598 2733 nee
618 2680 745 2733 abundat
765 2682 856 2735 flavus
877 2683 1019 2756 Orontes,

185 2777 253 2830 Nec
272 2777 420 2845 Phrygius
438 2777 573 2840 Xantus‚
600 2774 828 2845 Romuleusque
848 2776 962 2835 Tibris,

117 2869 257 2924 Piscibus
275 2869 437 2922 Eridanum
456 2867 564 2933 vincit,
585 2867 776 2936 celeremque
797 2868 966 2938 Caystrum,

187 2961 306 3033 Quique
328 2960 388 3014 suis
406 2961 491 3028 agitat
512 2960 590 3012 fulva
608 2960 725 3014 metalla
744 2959 836 3018 vadis,

115 3054 235 3106 Multus
256 3053 292 3105 ab
311 3053 455 3107 Odricola
473 3053 607 3105 defertur
626 3052 728 3122 carpio
747 3061 845 3120 gente,

184 3145 224 3198 Et
242 3162 361 3199 crassus
383 3145 510 3215 polypus
530 3143 559 3209 *)
570 3185 578 3210 ,
599 3146 806 3214 caeruleusque
824 3145 923 3213 lupus,

114 3240 188 3292 Sunt
207 3255 327 3308 quoque
345 3245 462 3290 mutatae
480 3237 638 3304 peregrino
658 3238 755 3290 sidere
774 3252 904 3300 mercae,

184 3330 267 3403 Quas
288 3331 449 3405 opulentus
467 3329 585 3394 Arabs,
612 3329 692 3391 India
712 3328 774 3380 sive
793 3327 880 3393 dedit,

112 3423 257 3491 Egregius
277 3424 388 3489 urbes,
418 3431 503 3490 atque
527 3422 597 3473 altas
617 3421 751 3490 possidet
769 3435 865 3484 arces,

183 3517 396 3585 Templaque,
422 3515 569 3567 caelicolas
587 3521 651 3582 qu'ae
671 3513 811 3567 decuisse·
825 3522 922 3584 putes

111 3610 168 3663 Hic
187 3609 330 3660 Joachim
349 3608 517 3678 Princeps,
542 3607 652 3676 sceptri
674 3622 836 3660 successor
853 3604 930 3670 aviti,

182 3701 258 3754 Tale
277 3717 329 3754 sua
348 3717 385 3754 ne
404 3716 466 3753 non
486 3700 514 3751 in
533 3699 655 3766 regione
674 3700 764 3766 foret,

145 3902 169 3948 *l
187 3899 277 3943 Hellen
299 3898 370 3952 spielt
393 3899 435 3942 anf
451 3897 488 3942 die
507 3895 530 3942 la
549 3897 591 3946 der
609 3898 673 3944 Oder
691 3897 813 3943 zahlreleh
832 3897 882 3943 sich
901 3886 1129 3942 findendenKrebse

180 3983 233 4025 hier
251 3994 288 4025 an.
