2640 4634
557 439 560 446 ,
573 364 780 438 Heroicum.

144 555 207 609 Pro
228 554 342 623 (gregis
361 557 422 609 hoc
442 556 603 625 monstrat)
616 559 729 626 junctis
749 558 899 630 scripsero
917 557 1041 613 duabus.

141 648 299 707 Duntaxat
318 649 434 703 Graecis
454 650 484 703 Z
504 660 547 702 est
565 652 629 710 data
647 651 741 705 littera
758 652 872 706 verbis·

144 743 220 814 Quae
239 757 332 809 super
349 741 402 793 has
420 752 547 808 restant,
571 740 653 796 dabis
673 746 728 798 illis
747 745 843 799 littera
860 761 982 799 nomeu.

144 835 287 887 Consona
305 834 351 885 vel
372 845 450 887 muta
471 844 532 900 est,
552 837 691 904 quoniam
710 837 786 890 mule
807 837 934 890 vocibus
954 849 1042 904 astat,

143 929 237 997 Inque
258 943 274 978 e
294 926 409 993 linitur,
428 927 474 978 vel
495 928 575 997 (quae
593 930 660 999 plus
680 939 827 983 consonat
845 929 923 1002 istjs)

143 1021 315 1084 Semisona,
335 1018 477 1088 incipiens
497 1036 534 1085 e,
553 1019 623 1072 dum
644 1037 676 1073 se
697 1022 834 1074 terminat
852 1021 955 1090 ipsam.

141 1112 163 1165 F
181 1122 280 1167 tamen
301 1111 348 1180 (ut
365 1119 444 1163 muta
464 1115 522 1175 cst)
541 1110 612 1168 nihil
630 1113 687 1166 hac
706 1115 819 1171 ratione
838 1122 972 1180 tenetur,

140 1203 280 1272 Namque
301 1212 476 1272 potestatem
493 1221 554 1259 nou
572 1215 664 1263 mutat
682 1208 802 1276 spiritus
822 1207 884 1261 ulli.

144 1297 245 1371 Quid?
266 1296 345 1365 quod
365 1296 455 1348 habet
476 1305 563 1348 mutae
583 1297 641 1349 vim
660 1309 770 1362 totam,
790 1309 817 1351 et
836 1299 975 1352 convenit
994 1308 1058 1352 anto

142 1388 315 1443 Mobilibus
333 1387 469 1457 liquidis,
488 1388 531 1441 sic
551 1390 662 1457 flavus,
682 1393 725 1444 sic
745 1394 842 1447 fremo
863 1394 994 1462 profers,

142 1482 247 1535 Omnis
268 1481 295 1533 in
315 1481 375 1533 hoc
394 1499 518 1535 numero
538 1483 650 1536 vocalis
670 1484 791 1554 ponitur
809 1501 938 1553 anccpS,

141 1574 213 1632 Non
232 1583 264 1624 ut
282 1574 356 1642 apud
376 1574 504 1640 Graios,
523 1576 574 1627 ubi
593 1576 697 1629 stricto
712 1577 781 1642 jure
800 1586 947 1632 tenentur.

142 1667 232 1721 Nulla
250 1683 380 1734 unquam
396 1667 489 1718 tenuit
506 1668 628 1720 vocales
646 1669 757 1736 syllaba
776 1669 876 1734 binas,

141 1761 180 1814 Ni
201 1771 305 1813 coeant
325 1759 430 1825 simul,
450 1768 477 1810 et
496 1759 668 1828 diphthongi
688 1761 809 1812 nomine
831 1759 995 1828 quadrent,

144 1852 279 1926 Quatuor
297 1851 351 1910 ista
367 1852 464 1909 modis
485 1851 547 1904 lieri
567 1851 726 1905 connectio
746 1862 829 1905 sueta
850 1863 904 1905 est.

142 1946 225 1998 Aulae
244 1946 299 1997 erit
317 1944 508 2018 exemplum,
528 1945 612 1997 foelix
632 1952 718 2014 atque
743 1960 832 1997 eurus
853 1944 882 1996 iu
905 1944 962 1999 illa.

146 2037 255 2110 Quinta
280 2039 342 2088 fere
362 2037 495 2091 excoluit
512 2048 598 2112 pacto
618 2037 818 2113 diphthongus
838 2038 956 2091 codem.

143 2129 248 2184 Scribe
267 2129 381 2196 graneis
403 2138 499 2186 tamen
517 2129 593 2196 hac,
613 2129 765 2183 tentabunt
785 2129 891 2198 pabula
912 2130 1007 2183 foetas.

143 2223 289 2295 Quisquis
308 2220 344 2275 ab
364 2221 488 2290 antiquis
510 2221 660 2279 scribendi
684 2221 823 2289 congeris
841 2238 947 2289 usum,

139 2314 162 2368 J
180 2316 259 2368 solet
279 2331 356 2382 uque
375 2313 462 2367 simul
482 2314 759 2368 nativam'amittere
778 2331 906 2380 vocem,

141 2411 283 2463 Consoua
303 2408 393 2473 facta,
414 2406 519 2472 doris,
538 2407 640 2460 Venus
657 2408 719 2460 hoo
743 2404 900 2460 ostendere
920 2412 1063 2476 possunt,

141 2502 272 2569 Utraque
292 2499 427 2552 converti
448 2499 561 2563 facilis,
585 2508 727 2567 retroque
748 2499 866 2551 referri.

141 2593 256 2659 Troia,
282 2609 352 2660 gaza
368 2591 460 2643 velut.
498 2590 599 2643 Troiae
619 2590 668 2660 qui
687 2589 801 2659 primus
823 2591 859 2642 ab
880 2590 952 2642 oris.
1117 2598 1149 2623 *Ἡ

139 2686 179 2740 Et
196 2685 324 2738 verbum
343 2684 450 2751 solVO,
473 2683 535 2735 dux
552 2683 639 2749 longa
656 2699 729 2751 pace
749 2680 882 2745 solutus,

141 2779 190 2832 Sic
208 2778 325 2833 vicibus
345 2785 512 2844 mutantur,
532 2784 560 2828 et
580 2775 608 2829 ln
628 2792 680 2829 sua
695 2776 763 2863 jura
782 2775 935 2827 recedunt.

139 2928 162 2979 J
181 2944 321 2998 quoquc,
339 2927 389 2979 ubi
411 2928 505 2996 posita
527 2937 571 2980 est
590 2927 711 2980 vocales
731 2926 822 2991 inter,
838 2923 976 2991 utrinque

140 3021 185 3074 Fit
205 3020 311 3088 dupla,
333 3029 361 3070 et
381 3034 496 3090 crassas
516 3019 647 3071 extendit
666 3035 819 3071 murmure
838 3031 944 3069 voces.

142 3113 232 3165 Caius
247 3111 285 3161 'ut
304 3120 367 3174 cst,
388 3117 485 3165 lamen
502 3110 580 3162 hanc
597 3110 693 3164 voluit
709 3107 858 3178 geminare
878 3111 1016 3158 vetustas.
1064 3106 1067 3111 '

140 3264 167 3316 U
189 3258 368 3329 quandoque
387 3270 464 3309 sono
483 3271 587 3307 manca
606 3264 668 3322 est,
688 3255 809 3322 vimque
830 3251 912 3305 exuit
930 3263 1070 3310 omnem,

139 3356 179 3409 Ni
199 3351 341 3420 liquidam
361 3349 459 3415 dicae,
478 3347 618 3418 quoniam
638 3344 807 3400 resolubilis
829 3352 917 3399 extat.

140 3446 244 3501 Suavis
265 3443 305 3496 ibi
325 3457 514 3513 quercusque
536 3439 645 3492 dabunt
663 3439 860 3501 documenta,
879 3435 926 3487 vel
946 3429 1056 3498 anguis.

142 3593 295 3669 Quasdam
316 3591 403 3643 etiam
422 3590 479 3642 dici
498 3589 621 3658 liquidas
637 3588 762 3641 voluere
781 3583 898 3649 Latini,

145 3686 275 3740 llollior
293 3686 327 3738 iis
346 3699 438 3737 sonus
458 3693 520 3747 est,
541 3693 569 3733 et
589 3682 637 3750 qui
658 3696 790 3750 persaepe
809 3679 962 3746 liquescat.

144 3779 244 3852 Quin,
263 3778 365 3846 positae
386 3777 420 3829 ad
438 3787 551 3839 mutae,
570 3774 706 3826 vocalem
727 3772 808 3842 (quae
826 3769 910 3839 praeit
928 3765 1009 3829 unte)

142 3873 170 3925 Si
191 3870 292 3922 brevis
313 3880 357 3925 est
375 3869 463 3934 alias,
483 3883 675 3921 communem
694 3865 832 3918 incedere
855 3870 976 3925 coguut.

141 3964 191 4017 a'ic
210 3978 280 4030 aper
299 3961 360 4013 exit
378 3961 456 4030 apri,
476 3959 608 4012 tenebrae
628 3959 690 4026 sic,
710 3958 771 4012 sive
791 3955 931 4007 tenebrae.
952 3997 954 4001 .
