2640 4634
203 132 231 167 ἢ..
283 161 285 166 .

219 164 227 191 t

181 354 223 431 96
389 351 447 421 Dc
473 358 550 420 arte
576 347 730 420 uerairic.
757 348 965 449 Heromum

181 539 303 598 Transit
321 551 349 594 ot
369 542 397 596 in
416 559 536 596 carmen
556 537 667 594 celebri
687 536 836 612 trqnaiatio
856 541 946 599 cuitu.

180 632 263 690 Belle
283 634 420 704 equidem
439 634 566 689 dictum:
587 634 731 701 classique
752 633 878 685 immittit
895 634 1035 690 habenae.

181 726 308 795 Navigio
327 728 421 781 sulcat
439 743 541 794 mare,
559 727 673 780 ferrum
692 736 842 794 armatque
860 742 987 779 veneno.

364 858 386 893 e.

183 914 242 965 Stat
260 929 314 981 pro
336 921 476 966 contento
495 911 643 976 retinere,
662 919 693 963 ut
713 910 778 964 vina
798 918 940 976 coronat,

181 1002 242 1062 Per
262 1005 409 1057 Venerem
427 1005 535 1071 lunone,
552 1020 607 1074 per
627 1003 778 1056 Bacchum
791 1003 925 1082 intellige
944 1003 1045 1060 vinum

181 1096 242 1152 Per
261 1098 403 1150 Cererem
422 1096 539 1163 fruger,
560 1096 805 1165 inventoremque
824 1112 961 1162 suarum,
1043 1138 1046 1143 .

182 1186 270 1256 Finge
291 1188 368 1258 ipsae
389 1203 510 1254 terram,
529 1204 590 1243 nou
609 1190 662 1241 ista
678 1189 795 1242 licentiat
814 1197 925 1243 tautum
1015 1220 1017 1225 ·

183 1280 352 1354 Quinetiam
370 1279 463 1334 decor
482 1288 536 1335 eet.
574 1281 685 1334 Ornata
702 1281 888 1349 Periphrasis
910 1283 991 1334 omni

182 1372 284 1429 Laudo
303 1372 375 1424 nitet
393 1371 464 1439 tibi,
482 1371 563 1435 mille
582 1371 658 1425 locis
678 1372 815 1442 exempla
834 1383 987 1443 petantur,

182 1461 255 1522 Non
273 1463 359 1516 etiarn
378 1462 520 1517 incultum
542 1471 602 1530 est,
624 1463 740 1533 rapiunt
758 1463 895 1531 incensa,
914 1468 1072 1535 feruntque

181 1552 326 1624 Pergama
343 1569 399 1611 voa
418 1552 516 1610 celaia.
552 1553 595 1611 Ita
613 1570 714 1610 termo
734 1557 897 1627 patheticus
915 1560 1018 1622 ornat,

184 1648 398 1717 Transponunt
417 1647 503 1705 etiam
513 1687 523 1714 ‚
541 1663 613 1719 quas
628 1647 754 1716 jungere
773 1650 836 1718 lege
855 1651 975 1703 deceret
985 1686 995 1716 ,

184 1741 293 1797 Italiam
314 1749 416 1793 contra
436 1740 508 1793 dixit
524 1738 615 1796 Maro
626 1780 635 1807 ‚
655 1741 727 1794 dixit
748 1752 776 1795 et
794 1743 890 1798 idem:

184 1829 327 1887 Transtra
345 1848 399 1902 per
417 1841 445 1885 et
463 1839 585 1900 remos,
604 1843 719 1904 septem
737 1836 869 1904 subjecta
889 1833 1007 1891 Trioni

183 1924 335 1996 Synthesis
353 1924 399 1978 his
420 1925 563 1994 propior:
584 1925 718 1980 Juvenet
738 1927 899 1981 fortissima
915 1928 1031 1991 ,frustra

183 2016 322 2075 Pectora.
359 2012 398 2070 Et
416 2017 444 2069 in
461 2017 559 2070 medio
580 2017 723 2070 conclusa
741 2019 934 2073 Paronthesis
953 2029 1038 2072 ornat

184 2108 334 2177 Allegoritt
353 2109 457 2164 simul:
480 2109 564 2179 pueri
582 2118 626 2163 eat
644 2119 725 2180 prata
743 2111 895 2183 bibqrunt.

183 2198 443 2270 Dissimuiansque
462 2200 492 2255 in
511 2217 543 2255 se
562 2202 721 2273 quicquam
741 2188 842 2257 Ironia
860 2204 1007 2261 relatum..

186 2292 329 2370 Quisquis
347 2289 383 2345 ab
401 2291 448 2346 hin
468 2294 579 2347 cultum
598 2294 724 2364 queris,
748 2312 912 2366 versusque
933 2295 1070 2350 colorem

184 2384 257 2445 Non
276 2385 389 2440 excede
407 2385 531 2464 modum
547 2386 636 2442 nimia
655 2397 699 2440 est
717 2384 822 2441 vitiosa
840 2398 1000 2457 venustasr
1093 2416 1096 2421 >
1144 2421 1149 2434 =

186 2476 335 2553 Quodque
354 2477 423 2532 satis
441 2480 601 2550 pulchrum
620 2489 664 2533 est
675 2520 684 2546 ,
708 2481 818 2537 crebro
837 2482 952 2534 vilescit
970 2480 1006 2532 ab
1024 2493 1090 2533 usu.

186 2571 317 2639 Caetera,
336 2589 400 2644 quae
419 2583 556 2642 poterant
574 2573 636 2627 istis
655 2574 884 2644 supperaddier,
903 2574 974 2626 olim

184 2664 324 2717 Vestrum
344 2664 447 2737 aliquis
465 2683 519 2738 per
535 2682 570 2719 se
589 2677 718 2736 quaeret,
737 2683 803 2720 mea
822 2666 981 2719 commoda
999 2663 1104 2720 saitem

186 2753 226 2811 stt
243 2756 373 2815 brevitas
393 2757 571 2827 quicquam,
589 2760 677 2812 vobis
695 2775 732 2810 ne
752 2775 875 2827 spernar
893 2759 1014 2829 ubique.

476 2849 637 2907 Sinceriter
655 2851 727 2905 citra
745 2867 897 2920 pompam.

566 2942 655 2997 ¹Zolo
676 2943 803 2998 virtutis⁸
