2640 4634
289 334 352 402 158
548 426 551 437 Ἰ
679 325 740 404 Vir
766 334 890 407 benus.

281 528 372 588 Nulla
390 527 487 593 salus,
507 535 647 596 corrupta
664 527 767 596 quies,
787 527 886 581 insana
908 521 1014 602 cupido

349 625 404 679 Est
421 621 518 674 animo
536 619 612 672 vitiis
632 619 864 688 criminibusque
883 622 960 676 date.

284 720 358 792 Quae
377 719 400 770 si
420 718 496 768 forte
514 714 595 765 leves
615 713 731 781 capiunt
749 713 903 766 dulcedine
922 725 1036 770 mentes
1047 751 1056 784 5

352 812 481 880 Sperne,
501 808 590 859 latent
608 806 740 876 pulchris
761 807 822 859 dira
840 823 953 859 venena
972 811 1060 862 rosis.

152 892 179 907 '¹
200 928 210 951 ·.
283 903 312 956 Si
331 903 400 974 quid
418 902 448 954 in
467 899 512 952 his
532 898 596 950 duri
621 907 664 951 est
681 899 816 951 humanae
838 900 962 952 amabile
980 903 1089 969 menti,

349 996 421 1049 Non
440 1001 525 1061 potes
544 991 650 1044 invitus
669 992 835 1060 prendere,
855 993 926 1045 dura
943 995 1031 1060 fugel

281 1087 415 1142 Fuscinat
433 1085 547 1137 insanas
566 1082 691 1136 Veneris
708 1084 828 1137 lascivia
845 1095 961 1138 mentes
970 1125 979 1151 ‚

346 1176 454 1232 Dulcia
473 1177 615 1247 pestifero
634 1177 736 1242 gaudia
755 1178 783 1229 in
804 1194 857 1228 ore
875 1193 992 1245 gerens.

279 1279 351 1331 Haec
370 1275 420 1327 ubi
439 1273 567 1325 sollicito
582 1272 709 1339 juvenes
729 1270 907 1340 praestrinxit
925 1287 1046 1338 amore,

348 1369 382 1422 In
401 1364 515 1420 subitos
536 1380 642 1430 casus,
665 1362 843 1432 insidiasque
862 1363 959 1417 trahit.

279 1461 384 1531 Furta,
403 1459 480 1522 doli,
500 1465 615 1522 metus,
635 1456 694 1521 ira,
712 1472 822 1522 neces,
841 1457 994 1526 contagia,
1013 1455 1129 1527 caedes,

346 1553 384 1608 Et
402 1551 484 1604 suriae
503 1565 652 1602 summum
672 1549 785 1600 suntin
803 1565 905 1602 amore
924 1550 1049 1605 bonum.

278 1647 371 1701 Vince
390 1644 474 1711 igitur
492 1644 640 1708 flammas,
659 1649 690 1694 ut
707 1656 745 1693 ne
764 1642 888 1711 capiaris
906 1642 935 1695 in
954 1644 1029 1710 illis,

344 1739 427 1791 Dum
445 1745 528 1788 tener
547 1743 607 1801 est,
625 1718 731 1786 tenero
749 1733 867 1786 flumina
885 1750 990 1805 sparge
1009 1754 1095 1805 rogor

278 1831 334 1885 Sed
351 1830 446 1900 capit,
468 1837 495 1880 et
513 1826 623 1879 multos
643 1826 758 1878 funesta
776 1827 1016 1896 pecuniacogit,

341 1922 381 1976 Et
398 1921 493 1991 placet
509 1920 586 1972 hanc
605 1927 717 1988 partum
738 1918 872 1988 quolibet
889 1935 955 1972 esse
974 1922 1077 1974 modo.

255 2077 257 2080 .
278 2017 381 2069 Caecus
401 2028 487 2065 amor
506 2027 608 2064 rerum
627 2019 689 2074 est,
713 2020 742 2063 et
759 2027 821 2062 non
838 2010 894 2063 nisi
912 2028 987 2065 vena
1003 2013 1112 2080 libido,

343 2107 436 2161 Plena
454 2113 569 2169 metus,
585 2103 667 2155 nullo
688 2103 846 2155 certificata
865 2112 951 2157 statu.
1022 2117 1026 2123 ·

277 2199 427 2272 Quantum
447 2213 521 2265 opus
542 2203 604 2261 cst,
623 2195 692 2248 satis
714 2212 779 2249 esse
798 2205 886 2265 puta,
905 2198 1023 2263 cogeris
1043 2197 1079 2250 ab
1097 2211 1157 2252 une

343 2291 447 2344 Morte
468 2303 666 2358 supervacuas
685 2287 819 2356 linquere
839 2288 962 2342 divitias.

276 2384 303 2438 Si
324 2400 381 2454 qua
400 2381 485 2449 igitur
503 2381 653 2451 placeant,¹
670 2380 726 2433 nisi
745 2380 782 2433 sit
801 2381 949 2450 placuisse
969 2384 1131 2450 decorum,

341 2476 464 2542 Effuge,
489 2484 556 2527 sunt
575 2474 673 2527 animo
692 2473 764 2525 retia
783 2475 953 2528 densatum

274 2569 383 2624 Blanda
404 2568 482 2621 dabit
502 2568 643 2634 Veneris,
662 2583 762 2619 rerum
782 2566 861 2618 dabit
880 2577 940 2619 atra
958 2567 1068 2637 cupide

340 2656 515 2715 Perniciosa
532 2660 663 2725 homini,
684 2658 865 2728 displicitura
883 2659 966 2714 Deci

275 2753 366 2807 Ced'at
384 2770 469 2805 amor
488 2744 606 2817 reruni,
626 2751 711 2803 cedat
731 2753 840 2806 mellita
857 2753 1016 2824 voluptas,=

342 2844 437 2895 Solius
457 2853 485 2895 et
505 2844 528 2895 si
549 2844 617 2913 quid
640 2845 779 2911 corporis
799 2862 864 2898 esse
883 2847 976 2900 vides.

272 2935 340 2989 Nec
361 2936 473 2988 servire
493 2937 566 3002 gulae
586 2937 716 3006 placeat,
734 2949 825 2990 nocet
844 2954 909 2992 esse
928 2937 1110 3008 superbum

339 3027 424 3081 Pone
445 3027 530 3080 etiam
549 3028 623 3080 irato
644 3030 745 3097 frena,
766 3033 949 3100 modumque
969 3031 1080 3084 animoa

270 3119 319 3174 Ne
338 3129 365 3172 te
387 3120 528 3189 corripiat
546 3122 672 3191 sopitam
692 3123 802 3190 ignavia
821 3134 969 3190 mentem,

337 3214 461 3283 Semper
479 3231 549 3280 age,
570 3226 597 3266 et
614 3216 699 3269 factis
720 3217 844 3270 consule
863 3217 917 3269 rite
935 3217 1009 3269 tuis!

271 3306 473 3376 Invidiamque
491 3305 554 3358 aliis
572 3322 633 3359 non
653 3323 782 3376 unquam
802 3308 939 3374 intende,
958 3326 992 3361 ea
1010 3308 1100 3378 pestis
1117 3284 1132 3309 ⁰

339 3400 441 3452 Solum
463 3409 507 3452 est
526 3399 640 3451 auctori
661 3400 830 3468 perniciosa
848 3416 917 3452 suo.v

268 3493 352 3560 Ergo
370 3492 442 3544 nihil
460 3492 521 3544 vitii
541 3500 602 3557 est,
621 3491 702 3560 quod
720 3501 749 3544 te
768 3492 915 3545 seducere·
931 3491 1045 3560 possit,

339 3585 367 3637 Si
385 3586 580 3651 med0,·quae
598 3584 698 3637 videas
717 3585 846 3651 singula,
865 3593 970 3653 pectus
988 3582 1093 3636 habes.

269 3675 359 3734 Verte
379 3695 464 3731 acres
483 3677 589 3729 oculos
611 3677 712 3729 adres
731 3690 923 3746 quascunque
942 3675 1101 3743 gerendas,

337 3772 376 3825 Et
394 3786 482 3838 quam
501 3759 663 3837 suscipias,
682 3769 819 3838 perspice
839 3778 944 3822 cuncta
962 3769 1062 3837 priusl

270 3867 347 3920 Hinc
364 3862 436 3914 mihi
456 3861 513 3914 lixa
532 3859 627 3925 acme,
647 3868 675 3912 et
696 3871 782 3913 acuto
801 3860 912 3913 lumine
930 3861 1026 3913 solers
1036 3891 1046 3923 ‚·

341 3955 436 4029 Quale
457 3954 562 4008 oculos
581 3953 666 4023 pictae
684 3945 778 4024 lyncis
797 3953 908 4008 habere
927 3953 1040 4006 volunt.
