2640 4634
540 385 640 481 Eleg.
677 385 750 457 vil.

144 580 206 647 Ite,
224 593 329 646 graves
348 577 416 630 tanti
435 577 542 630 Manes
560 578 669 632 salvete
688 578 856 649 sepulchri,

212 670 357 741 Suscipiat
374 680 493 740 promto
513 686 567 723 vos
586 671 658 724 deus
677 671 739 742 ipse
758 671 788 738 i>
808 656 891 728 sinui

144 763 188 819 lte
206 763 331 818 revisuri
350 779 525 829 magnorum
544 780 648 817 arcana
666 764 810 832 deorum,
884 829 889 838 ι

212 855 281 912 Jam
301 854 416 911 dabitur
433 855 491 909 vita
509 857 702 927 prosperiore
721 858 790 915 frui,

530 1072 754 1089 *-

421 1234 863 1352 Elegiavlll.

256 1443 320 1521 td
341 1445 582 1519 Eobanum
606 1444 818 1537 Hereum,
843 1443 1041 1522 vivacis·

452 1565 846 1664 simum-poetam.

143 1904 271 2006 Hessc,
295 1935 462 1993 cothurnati
481 1938 577 1993 divine
596 1940 741 2010 poematis
762 1948 876 2009 auctor,

208 2034 321 2098 Hesse,
334 2032 380 2095 tui
398 2043 479 2087 vates
498 2033 592 2100 gloria
610 2033 705 2102 prima
724 2033 827 2101 chori,

141 2125 169 2180 si
189 2142 246 2196 qua
263 2124 316 2177 tibi
334 2125 443 2178 veteris
462 2125 625 2195 permansit
644 2143 715 2179 eura
733 2126 863 2196 sodalis,

207 2216 246 2270 Et
264 2226 349 2286 potes
369 2218 489 2272 Hutteni
504 2218 567 2286 jam
586 2235 705 2272 memor
724 2235 790 2273 esse
808 2221 868 2287 tui,

141 2308 254 2379 Accipe
274 2309 310 2362 ab
332 2320 467 2364 extremo
488 2311 632 2366 Germani
652 2311 758 2365 littoris
780 2312 876 2379 orbe,

209 2404 304 2470 Atque
323 2402 351 2456 in
369 2403 513 2457 Pomerio
534 2403 651 2455 condita
670 2405 779 2473 scripta
798 2406 877 2458 sole.
897 2404 945 2473 ⁴⁴)

139 2489 344 2563 Fortunasque
363 2511 444 2547 meas
464 2496 546 2547 vultu
568 2510 719 2561 cognosce
738 2512 864 2564 sereno,

209 2586 235 2639 Si
258 2587 339 2656 quod
357 2587 453 2640 adhuc
472 2585 561 2655 prisci
582 2586 698 2655 pondus
717 2589 828 2641 amoris
845 2587 950 2640 habes.

143 2676 235 2752 Quod
252 2679 304 2731 tibi
323 2680 402 2732 nulla
419 2695 494 2731 meae
513 2677 606 2730 delata
625 2687 670 2730 est
686 2678 782 2730 littera
801 2679 929 2744 dextrae,

208 2771 298 2842 Quod
316 2772 367 2825 tibi
386 2782 446 2825 tam
465 2772 556 2840 longo
575 2780 711 2841 tempore
731 2771 812 2826 nulla
830 2771 928 2837 salue,

140 2862 210 2917 Non
231 2880 263 2915 ea
283 2864 368 2934 culpa
387 2882 452 2917 mea
472 2873 535 2932 est,
554 2864 606 2916 sed
625 2881 689 2934 quae
709 2864 864 2918 conatibus
884 2863 974 2935 aequis

207 2955 279 3008 Sors
300 2958 373 3010 levis
393 2957 495 3010 insano
516 2956 642 3010 contrait
660 2957 797 3027 imperio.

140 3047 214 3121 Quae
233 3046 320 3099 tacite
339 3058 456 3099 nostras
475 3058 636 3100 secuerunt
652 3059 788 3119 tempora
806 3058 940 3112 menteS,

208 3137 317 3192 Omnia
337 3145 404 3189 sunt
420 3138 511 3204 nigris
530 3139 683 3195 inficienda
700 3140 789 3192 notis.

140 3232 219 3288 Tota
238 3228 309 3280 mihi
326 3229 436 3281 morbo
456 3246 581 3298 peregre
600 3231 733 3289 traducta
752 3231 891 3298 fameque

209 3323 289 3378 Tota
309 3321 382 3375 mihi
401 3321 429 3373 in
449 3320 525 3374 r'oeda
545 3321 662 3374 condita
681 3320 832 3391 pauperie.

140 3417 194 3471 ille
217 3433 290 3484 ege,
311 3417 357 3469 cui
377 3427 459 3485 pater
478 3426 522 3468 est
539 3416 587 3468 vel
609 3430 718 3485 eques»,
741 3412 788 3465 vel
808 3411 895 3464 divite
914 3425 1024 3475 censu,

210 3509 264 3563 Cui
284 3509 362 3562 fama
381 3518 425 3562 est
441 3508 542 3561 'claros
560 3507 669 3561 nobilis
689 3506 766 3558 inter
787 3520 876 3570 avos,

143 3600 262 3674 Quique
282 3602 388 3674 aliquid
408 3600 495 3653 didici
513 3600 613 3654 Musis
633 3610 661 3653 et
679 3597 816 3667 Apolline
835 3597 972 3663 dignum,

209 3694 248 3747 Et
266 3696 351 3763 cujus
369 3694 465 3762 magni
487 3703 516 3746 tu
538 3695 610 3749 facis
631 3690 798 3758 ingenium,

146 3832 308 3845 η*-

188 3911 217 3980 *)
235 3888 267 3966 lm
289 3924 328 3990 ll:
349 3928 409 3976 ipso.

174 3998 215 4062 **)
235 4007 267 4050 lm
285 4011 327 4061 ΛΑ
348 4013 409 4053 solo.
