2670 4628
157 385 221 464 ml
363 400 366 405 ·
510 378 794 477 Epigrammata.

150 576 295 656 Frcgcrit
315 572 474 634 Helvetiis
496 572 655 632 Germano
674 571 770 633 milite
791 570 881 640 m'rcs

225 677 348 747 Gallus,
376 670 414 732 ab
435 672 568 752 imperio
591 673 708 734 Sl'ortia
727 672 890 733 deciderit.

146 782 204 844 Ast
224 797 286 858 ego
307 773 436 834 venturi
453 784 540 834 rates
560 794 638 847 ero,
668 773 787 835 credite
806 774 886 847 vati,

219 876 302 938 Cum
322 874 429 935 veniet
450 872 574 949 Caesar,
605 874 711 936 omnia
730 873 835 937 Caesar
854 885 958 935 eninr.

587 1041 728 1058 m

471 1164 545 1236 De
592 1163 840 1235 fortuna.

255 1310 345 1382 Huc,
383 1326 450 1368 non
477 1307 540 1368 huc
568 1308 678 1367 oculos
705 1304 900 1384 patentiores

236 1410 296 1471 ·Et
315 1406 427 1468 mentis
446 1426 544 1487 grave
563 1404 701 1484 dirigant
720 1426 870 1479 acumen,

253 1511 360 1586 Reges
380 1517 412 1566 et
430 1506 541 1586 populi
561 1488 723 1589 ducesque
743 1527 861 1567 rerum.

252 1607 336 1670 Cum
357 1591 451 1668 Gallis
470 1607 615 1668 Venetos
639 1604 874 1687 superbientes,

254 1706 375 1770 Contra
394 1705 536 1769 nonnihil
556 1706 729 1769 insolenter
749 1728 861 1781 ausos,

253 1806 441 1890 Oblitosque
462 1807 511 1869 sui
519 1850 528 1883 ,
555 1827 683 1890 suaeque
698 1809 814 1882 sortis,
917 1864 921 1873 .

251 1908 338 1968 Vicit
358 1906 479 1983 Caesar,
507 1919 539 1968 et
557 1907 597 1970 ad
614 1908 689 1970 nihil
708 1907 842 1987 redegit.

249 2004 328 2090 Quis
345 2029 433 2071 nunc
451 2006 604 2071 fortuitos
626 2008 778 2089 opinione

249 2108 490 2211 Amplexnlrigur
508 2106 614 2169 exitus
635 2107 789 2191 sequaci?

248 2212 313 2272 Aut
342 2206 431 2292 quod
446 2206 527 2287 'sors
556 2208 696 2284 dederit,
730 2220 832 2271 ratum
858 2208 1005 2288 putabit?

247 2310 326 2389 Quis
344 2328 432 2372 nunc
452 2308 575 2372 divitias
593 2311 845 2393 potentiamque,

247 2412 290 2472 Ut
309 2421 429 2471 certum
447 2409 551 2487 seret,
580 2423 616 2473 ut
636 2432 792 2494 suumque
812 2411 931 2472 ducet?

244 2511 394 2571 Fortunae
413 2532 513 2593 vagus
535 2524 597 2587 est,
622 2514 767 2595 levisque
785 2523 891 2573 nutus.

232 2611 387 2672 ·lnccrtus
407 2612 516 2687 favor,
546 2624 578 2673 et
597 2627 675 2676 rotae
694 2613 823 2674 minacis

242 2711 563 2790 lucomprehensibile
583 2727 614 2775 et
634 2715 731 2775 citum
755 2716 916 2775 volumen.
960 2701 965 2713 ’

242 2809 327 2870 Huic
346 2831 490 2893 magnam
509 2814 628 2874 Veneti
647 2814 741 2874 fidem
761 2813 932 2884 dederunt,

241 2909 331 2969 Hanc
351 2930 475 2990 semper
494 2911 586 2974 solito
608 2914 717 2974 venire
739 2913 844 2974 Gallus

243 3007 348 3071 Cursu
367 3011 517 3087 credidit,
546 3024 578 3073 et
598 3024 709 3074 tenore
735 3022 861 3092 coepto.

240 3111 364 3171 Verum
383 3114 450 3192 haec,
465 3133 557 3173 versa
577 3125 664 3176 rctro
684 3114 796 3175 fefellit
817 3114 942 3181 ambos,

243 3211 284 3270 Et
305 3233 386 3293 quos
398 3214 574 3289 ¹sustulerat
593 3214 704 3275 favens
724 3214 759 3277 in
779 3216 890 3288 altum,

242 3312 383 3372 Rursum
403 3313 548 3393 deprimit
571 3314 716 3381 invidens
737 3315 775 3375 ad
795 3315 901 3374 imum.
981 3335 984 3341 ·

241 3411 390 3471 Fortunae
417 3413 558 3474 instabile
584 3425 631 3474 est
658 3435 837 3496 vagumque
863 3433 999 3483 numen,

239 3510 351 3574 Virtus
377 3519 457 3595 quo's
485 3514 578 3575 habet
602 3514 694 3576 efficit
718 3515 845 3588 beatos,

238 3612 280 3672 Et
305 3613 331 3673 si
358 3613 435 3695 quid
460 3614 599 3690 dederit,
632 3625 716 3676 vetat
740 3613 860 3675 revelli.

153 3744 156 3748 ·
240 3711 304 3773 Cui
328 3713 429 3774 fidens
455 3712 559 3775 animo
584 3716 660 3778 nihil
682 3715 827 3790 timente,

239 3810 332 3871 Votis
354 3813 516 3888 omnibus,
548 3816 652 3877 exitus
671 3818 704 3878 in
725 3835 851 3888 omnes,

240 3912 411 3974 Terrarum
435 3926 548 3993 caput,
574 3916 613 3976 ad
631 3916 706 3978 nihil
725 3914 840 3995 redigit

120 4040 127 4071 i
237 4009 320 4074 Cum
340 4013 435 4074 Gallis
452 4014 604 4077 Veneto·
615 4016 843 4097 superbientes.

517 4142 522 4151 *
557 4145 697 4158 Μ
