2640 4634
557 369 657 466 Eleg.
692 369 748 438 Vl.

143 558 280 630 Undique
301 561 458 628 scrutanti,
476 577 541 632 quae
558 578 624 628 me,
642 577 694 615 sua
714 563 843 630 foedera,
862 565 967 633 tellus,

209 649 347 719 Nutriat,
367 663 414 705 aut
433 671 558 723 quanam
579 655 750 708 conditione
769 657 869 724 fruar,

141 744 286 798 Difficiles
306 760 392 798 casus
413 755 440 798 et
463 747 550 799 duras
567 746 695 816 undique
715 748 812 801 clades

209 837 310 890 Pande
331 838 471 890 coloratis
491 839 591 893 charta
611 843 721 892 referta
739 843 828 895 notis.

141 929 291 995 Desidet,
309 938 341 980 ut
358 940 494 983 nostrum
517 932 642 984 ferventi
661 944 784 1002 pectore
803 952 913 989 nomen
924 978 932 1004 ,

208 1021 339 1087 Viderit,
358 1031 386 1074 et
403 1022 491 1074 subiti
513 1024 602 1075 corda
622 1026 752 1094 stuporis
771 1037 845 1092 aget.

141 1114 287 1181 Decidet,
306 1123 337 1166 ut
354 1115 471 1167 tandem
490 1115 573 1168 lectis
596 1133 634 1169 ex
653 1117 756 1169 ordine
776 1119 914 1188 scriptis,

209 1207 334 1274 Agnorit
353 1217 462 1260 nostrae
480 1209 579 1263 nuntia
598 1209 732 1261 tristitiae.

142 1298 227 1353 Pone
245 1299 359 1366 greveis
380 1301 510 1353 animos!
529 1301 687 1370 laetumque
707 1301 734 1353 in
756 1299 812 1354 fine
831 1304 979 1358 mulorum
990 1346 998 1372 ,

208 1392 319 1446 Pectus
338 1393 434 1460 habe,
454 1411 472 1446 o
491 1393 598 1447 mentis
619 1393 715 1462 portio
736 1393 790 1446 lida
809 1400 899 1448 meae!

141 1485 225 1540 Pone
244 1487 358 1552 graveis
378 1487 510 1540 animos!
529 1486 637 1539 melior
656 1487 774 1540 fortuna
795 1470 898 1541 secuta
917 1498 961 1543 est
971 1530 981 1556 ,

207 1579 246 1632 Et
263 1595 387 1648 possum
407 1580 496 1648 elapsi
514 1578 634 1631 nescius
654 1595 720 1632 esse
739 1580 816 1636 mali.

141 1671 169 1723 Si
188 1689 245 1742 qua
262 1682 360 1747 tamen
378 1681 532 1740 superest,
549 1646 627 1724 lianc
646 1670 741 1722 solam
760 1671 885 1724 Lossius
903 1673 976 1725 iram

208 1764 345 1816 Concitet
364 1771 392 1816 et
410 1764 499 1816 motis
522 1778 610 1815 causa
627 1761 664 1813 sit
681 1761 746 1813 haec
766 1762 861 1816 furiis⁸

141 1856 226 1909 Hune
245 1865 275 1907 tu
294 1856 322 1907 in
341 1855 419 1908 bella
437 1871 549 1920 voces,
568 1871 637 1906 cum
656 1853 696 1906 sis
717 1853 745 1906 in
766 1864 873 1907 caetera
892 1856 1044 1925 clemens,
1126 1908 1130 1920 ,

208 1949 351 2002 Molitum
368 1948 456 2000 toties
476 1948 575 2000 omnia
594 1947 665 1999 dura
682 1944 766 1999 mihi.

139 2043 253 2112 Aspera
271 2040 435 2095 multnstuli
446 2081 455 2107 ,
474 2057 539 2110 quae
559 2049 629 2092 tunc
647 2037 783 2106 graviora
801 2039 959 2109 putabam,

172 2149 175 2156 ·
207 2134 315 2186 Omnia
333 2132 438 2186 duritie
458 2132 574 2186 sustulit
593 2132 641 2184 ille
660 2147 728 2198 sua,

138 2227 210 2280 Hanc
228 2244 347 2296 quoque
357 2267 366 2294 ,
386 2243 450 2297 quae
468 2234 568 2279 tecum
587 2224 697 2294 privata
716 2232 797 2277 sorte
819 2223 953 2276 ferebam
962 2243 973 2291 3

205 2320 280 2374 Post
300 2328 416 2372 veteres
436 2335 522 2373 casus
540 2327 596 2371 stat
612 2333 709 2370 novus
731 2317 785 2370 iste
806 2318 902 2371 furor.

140 2413 237 2466 Tanto
257 2413 319 2466 aliis
339 2412 473 2478 trucior,
492 2421 600 2481 quanto
619 2411 668 2463 leo
688 2420 793 2463 caetera
813 2410 924 2476 vincit,

207 2506 283 2559 Cum
301 2505 393 2556 bilem
410 2504 481 2556 huic
499 2512 579 2556 torto
598 2502 726 2555 verbere
746 2503 839 2554 cauda
862 2508 983 2567 movet,

141 2597 266 2651 Lossius
287 2596 411 2648 efirenes
431 2593 571 2647 simulatae
593 2593 678 2646 vocis
698 2593 818 2660 hyaenas

205 2689 304 2743 Vincit
323 2697 351 2741 et
369 2686 496 2740 immites
516 2685 657 2738 efferitate
677 2685 762 2749 leas;

140 2782 265 2835 Lossius
285 2791 313 2833 et
330 2781 419 2849 tigres
439 2788 467 2832 et
485 2777 577 2832 Poena
596 2776 625 2843 ⁴)
646 2777 780 2831 animalia
798 2775 906 2842 vincit,

205 2874 244 2927 Et
261 2875 352 2942 magis
371 2873 503 2927 Attalicis
525 2880 626 2925 aestuat
644 2870 692 2923 ille
711 2869 793 2923 feris.

139 2966 276 3039 Quantus
294 2967 344 3018 hic
363 2966 473 3018 insidiis
491 2975 589 3016 tamen
614 2973 675 3028 est,
695 2971 881 3032 quantusque
901 2961 1003 3013 furore
1014 2998 1022 3024 ,

206 3059 361 3130 Quantus,
379 3057 431 3107 ubi
448 3057 582 3108 insanum
600 3053 719 3107 turbine
740 3063 844 3124 pectus
863 3054 935 3120 agit,

136 3151 170 3203 In
189 3166 237 3200 me
257 3157 352 3200 tantus
373 3155 452 3212 erat,
470 3155 606 3215 tantaque
624 3144 761 3197 efferbuit
778 3144 838 3209 ira,

206 3239 331 3313 Quaque
350 3244 465 3307 potest,
484 3236 546 3302 jam
568 3252 648 3288 nunc
671 3243 732 3288 arte
751 3250 863 3286 nocere
882 3238 974 3301 parat.

137 3334 216 3408 Quid
234 3343 333 3384 tamen
352 3329 471 3382 effecit?
489 3327 560 3393 nisi,
579 3327 660 3396 quod
680 3326 792 3379 notavit
810 3322 946 3392 euntem,

204 3429 244 3481 Ut
261 3441 383 3495 possem
402 3421 499 3475 efferri
519 3417 727 3473 commodiore
746 3417 844 3470 statu?

91 3555 96 3568 ι
138 3522 199 3575 Res
216 3521 282 3573 tulit
299 3519 349 3572 hic
372 3532 494 3588 parvas,
512 3524 543 3568 ut
565 3513 658 3566 multo
677 3510 760 3580 plina
778 3518 911 3560 tenerem
921 3546 929 3571 ,

203 3615 287 3667 Dum
306 3611 427 3675 nocuit,
446 3607 558 3662 damnis
580 3603 677 3660 obfuit
696 3602 743 3654 ille
761 3601 847 3656 meis,

139 3707 229 3761 Nunc
248 3706 335 3774 igitur
353 3703 451 3756 tristes
473 3697 621 3753 consumit
638 3697 743 3751 lividus
760 3696 868 3760 hora5‚

205 3799 259 3864 Et,
280 3776 424 3868 quianon
443 3792 537 3864 potuit
555 3792 678 3857 laedere,
700 3804 790 3858 posse
810 3784 898 3855 eupit.

174 3968 201 4033 ⁸)
219 3976 252 4019 lm
270 3978 312 4018 A:
329 3989 395 4029 pene.
