2640 4634
109 2664 124 2727 Ϊ

187 405 274 454 cvm
347 380 624 460 Grabsohristsn
648 383 724 454 und
747 382 1028 494 Erinnerungen

332 571 569 638 reclamantibus
591 573 765 649 universis,

336 675 436 756 ruptis
454 674 573 742 invidia
594 675 732 756 denique
750 674 896 759 singulis,

333 794 406 836 eum
424 773 516 834 bonis
533 785 600 834 tum
618 774 724 852 malis;

283 906 285 909 ·
335 885 397 938 tam
415 872 595 947 clientibus,

337 994 430 1055 quam
447 972 603 1054 patronis,

335 1072 451 1152 pariter
469 1082 500 1138 et
518 1071 677 1153 hostibus,

371 1174 528 1254 precipue
552 1171 683 1236 Codro:

370 1273 432 1334 hoo
454 1276 632 1335 Huttene
650 1270 708 1343 tihi

334 1372 474 1434 Francus
495 1372 698 1455 Franeigenae

335 1472 437 1532 Poeta
451 1468 571 1542 Poeta,

333 1569 465 1637 Juvenis
484 1570 556 1632 viro

336 1668 411 1736 Seni
431 1681 597 1744 veteram,

373 1768 463 1844 (velis
473 1815 482 1844 ,
509 1769 603 1842 nolis)

332 1869 386 1935 Ad
405 1869 515 1940 amoeni
535 1868 634 1949 patria
653 1869 754 1931 Moeni

259 1966 418 2042 Flumina,
440 1989 504 2050 qua
524 1968 630 2033 viridis
650 1969 743 2050 pyrgi
761 1966 964 2031 stantmoenia
979 1966 1073 2049 cippo

296 2066 412 2135 Ereoto
431 2056 562 2148 propter
579 2068 684 2130 vineta
700 2070 760 2133 sub
775 2069 863 2143 ilice,

260 2165 449 2241 Marmoreis
469 2169 551 2237 saxis
573 2180 710 2239 statuens
731 2169 863 2239 sublime
882 2179 1034 2255 tropaeum

207 2308 209 2313 ·
294 2264 492 2339 Munimenta
510 2269 661 2357 perennia
678 2290 776 2349 pono.

151 2592 154 2597 ’
243 2534 418 2661 Joa'an.
447 2578 792 2653 Lauterbachii
815 2583 1130 2676 Epiqrammo.

434 2717 488 2791 (ox
508 2715 610 2775 Nicol.
630 2713 787 2776 Reusneri
806 2712 941 2784 Iconib.)

217 2826 410 2897 Huldriohus
430 2830 551 2896 Hutten
568 2830 874 2910 Francorumgente
894 2834 1032 2900 creatus,
1057 2868 1060 2872 »

295 2928 470 2995 Germanus
491 2929 598 3007 prisoae
616 2925 784 2991 nobilitatis
804 2927 932 3006 Eques:
1017 2973 1025 2982 .

217 3027 368 3095 Palladias
387 3025 512 3107 juvenis
533 3029 616 3090 colui
639 3024 887 3110 promptissimus
909 3035 1007 3098 artes,
1040 3036 1048 3051 ‘

196 3200 204 3211 x
295 3125 418 3197 Caesare
437 3149 502 3208 pro.
515 3151 630 3212 mag-no
651 3123 761 3190 Martis
782 3126 816 3188 in
834 3146 918 3188 arma
934 3122 996 3191 ruit

218 3228 357 3296 Desentli
376 3221 492 3302 calamo
512 3251 623 3293 verum
644 3229 765 3310 pietatis
784 3231 958 3293 honorem:

291 3332 386 3395 Haud
403 3330 512 3400 sucum
531 3329 613 3398 vires
640 3349 755 3408 passus,
767 3328 884 3397 habere
903 3346 984 3392 suas.

219 3429 302 3494 Hinc
320 3430 431 3509 peperi
448 3433 545 3499 solers
565 3451 727 3512 nunquam
747 3428 881 3494 delebile
899 3445 1031 3503 nomen,

297 3531 370 3606 Quo
386 3529 496 3590 vivens
516 3549 585 3591 sera
604 3528 784 3609 posteritate
802 3527 904 3596 fruor.

219 3625 372 3690 Nobilitas
392 3631 523 3690 multum
540 3629 614 3693 mihi
634 3628 811 3692 conciliavit
829 3625 977 3701 honoris,

295 3727 382 3789 Mars
401 3730 550 3803 multum,
584 3741 615 3788 et
634 3730 751 3807 Pallas,
780 3730 849 3811 plus
868 3725 997 3790 Pietatis
1021 3745 1119 3788 amor.

221 3828 323 3905 Quem
340 3827 468 3895 Pietatis
487 3849 591 3903 amor,
610 3829 726 3906 Pallas,
747 3832 837 3893 Mars
849 3839 963 3901 ornat,
983 3827 1145 3906 ademptus

293 3928 372 3989 Post
391 3927 515 4012 genitos
534 3927 616 3991 inter
634 3931 763 3993 nomine
783 3933 875 4002 vivus
896 3929 969 4012 agit.
