2640 4634
282 924 452 994 Crotus
477 916 716 990 Rubianus
741 913 797 986 ad
821 909 1062 989 Ulrichum

538 1026 900 1153 Huttenumffiffi‘f.

18 1160 73 1275 ‘P
350 1203 354 1208 ·
550 1233 765 1253 -----

164 1270 214 1331 Ἢ
258 1282 281 1337 ,l
297 1294 336 1355 g„
870 1302 873 1307 ¹

87 1410 136 1483 ,ff
165 1359 205 1448 S
224 1368 265 1447 Pi
280 1346 332 1447 ill*
360 1379 455 1443 Plura
487 1375 599 1460 quaeris
630 1374 664 1436 in
691 1373 847 1453 Epistola,
879 1369 1081 1452 respondebo
1114 1393 1172 1453 per

165 1460 317 1546 ordinem.
356 1481 465 1543 Primo
483 1480 563 1539 scire
586 1478 650 1551 ris,
682 1497 746 1558 quo
762 1477 841 1536 inte
860 1477 968 1538 animo⁴
979 1475 1051 1551 sim,
1068 1477 1170 1558 qualis

162 1586 221 1646 sim
241 1581 379 1644 amicitiae
398 1583 516 1654 cultor,
543 1576 657 1639 clarior
677 1591 746 1635 esse
765 1574 821 1636 tibi
844 1574 938 1637 debet
956 1594 1044 1638 amor
1061 1593 1171 1653 meus,

68 1668 75 1689 ⁶
163 1705 257 1768 quam
280 1686 332 1746 rel
361 1682 400 1743 de
415 1661 476 1742 'me
508 1675 642 1739 dubites.
690 1675 812 1738 Crescit
835 1698 906 1738 cum
933 1677 1019 1737 etate
1048 1697 1172 1738 mecum

28 1814 32 1824 ’
108 1836 112 1843 .
150 1786 257 1869 fides,
288 1781 476 1855 constantia,
513 1778 692 1860 integritas,
729 1778 926 1839 observantia
952 1798 1028 1861 erga
1050 1777 1172 1855 bonos,

159 1885 311 1946 adversus
328 1885 425 1944 malos
446 1890 654 1958 contemptus.
681 1877 804 1940 'Amavi
819 1890 851 1939 te
870 1890 969 1939 antea.
995 1867 998 1871 ’

237 1985 307 2048 Jtm
336 2003 415 2044 vcro
449 1979 522 2041 auxi
557 1977 719 2039 amicitiam
748 1977 910 2054 charitate,
949 1977 1172 2052 veneratione,
1204 1960 1207 1971 Ι

158 2085 378 2168 religioneque
408 2082 536 2142 sincerae
570 2077 681 2140 mentis
709 2090 741 2137 et
766 2091 936 2143 Huttenum
960 2099 1064 2140 meum
1098 2098 1173 2138 sane

160 2182 262 2247 habeo
280 2183 361 2244 inter
378 2179 459 2243 fidos
480 2181 595 2240 amicos
616 2181 688 2240 loco
706 2177 825 2258 primo,
846 2191 898 2241 aut
913 2192 997 2240 certe
1013 2179 1173 2259 proximo.

161 2282 328 2346 Concessit
345 2283 406 2342 hoc
419 2279 492 2341 mihi
507 2291 617 2342 natura
637 2299 766 2363 parens,
791 2290 826 2341 ut
836 2280 956 2344 favoris
977 2294 1009 2343 et
1029 2282 1174 2343 benevo-

157 2383 261 2445 lentiae
280 2378 436 2462 principes
463 2380 495 2441 in
512 2400 566 2443 me.
589 2381 679 2441 dotes
701 2400 769 2440 csse
797 2399 1003 2461 cognoscam,
1043 2383 1174 2465 quasin

161 2485 245 2545 hunc
267 2502 369 2564 usque
392 2477 475 2541 diem
496 2480 548 2541 tali
570 2478 747 2562 integritate
768 2479 928 2562 expressi,
955 2493 992 2543 ut
1015 2482 1173 2543 neminem

160 2582 343 2662 poenituerit
358 2603 451 2644 usum
470 2592 502 2640 se
516 2581 613 2642 fuisse
626 2602 695 2641 mea
710 2582 924 2643 familiaritate.
963 2582 1089 2645 Amicos
1106 2603 1173 2644 non

160 2683 305 2745 hahuisse
318 2702 441 2762 semper
454 2683 653 2743 inhonestum
664 2683 783 2761 putavi.
822 2681 962 2745 Cessisse
981 2703 1059 2743 vero
1075 2684 1174 2744 hene·

162 2782 300 2843 volentia
335 2794 367 2843 et
403 2782 567 2856 charitate,
614 2792 644 2840 et
680 2794 771 2861 turpe
805 2795 836 2842 et
872 2783 1056 2844 indecorum
1083 2784 1172 2844 duxi.

143 2880 287 2949 ,Deinde
307 2881 447 2962 quamvis
466 2902 516 2941 me
539 2892 649 2940 natura
669 2881 792 2944 facilem
815 2869 1062 2967 clementemque
1086 2885 1172 2945 effin-

162 2981 260 3053 xerit3
290 2978 390 3040 voluit
414 2980 568 3040 tamenin
588 2981 718 3043 amicitia
734 2984 870 3062 paranda
892 3003 1004 3064 parcus
1024 2981 1170 3044 existere.

160 3079 199 3142 ln
218 3092 323 3160 parata
348 3095 425 3140 vero
447 3091 477 3166 et
497 3092 661 3160 promptus
688 3094 719 3142 et
737 3093 900 3144 constans:
926 3084 1065 3145 inde'cst
1088 3085 1171 3160 (nam

158 3202 217 3261 per
234 3183 295 3242 hoc
320 3180 503 3241 adulteram
523 3193 643 3259 partem
662 3181 800 3260 epistolae
821 3194 881 3244 tuae
899 3184 1007 3257 venio)
1029 3191 1064 3244 ut
1085 3188 1170 3262 post·

159 3303 253 3364 quam
268 3283 301 3343 in
323 3283 401 3342 hanc
421 3280 622 3341 solitudinem
640 3282 822 3343 secesserim
840 3285 879 3344 ad
894 3295 1018 3344 veteres
1032 3282 1169 3364 Phagos,

160 3381 355 3462 Gelidosque
373 3382 525 3454 monteis,
549 3383 626 3442 nihil
645 3382 820 3457 omiserim,
843 3384 931 3464 quod
945 3384 984 3443 ad
999 3404 1066 3444 rem
1085 3393 1169 3444 tuam

158 3481 318 3558 pertinere
341 3479 519 3540 arbitrarer.
559 3482 681 3556 Volui,¹
708 3504 774 3544 vox
797 3499 866 3542 mea
890 3483 946 3543 tibi
973 3484 1167 3558 deserviret,

159 3590 191 3636 et
216 3579 349 3640 amicitia
371 3589 480 3639 nostra
505 3580 561 3639 tibi
586 3593 670 3640 esset
686 3585 937 3664 propugnaculo.
983 3583 1071 3662 Saepe
1099 3604 1170 3645 cum

60 3672 62 3680 ’
157 3689 262 3754 patre,
295 3698 375 3757 saepe
402 3697 473 3738 cum
495 3679 722 3759 nigricantibus
749 3680 968 3743 consodalibus
994 3683 1169 3745 honorilice

157 3778 197 3835 dc
221 3788 249 3835 te
275 3798 344 3837 sum
366 3780 501 3837 locutus
547 3779 745 3861 Frequenter
773 3783 877 3842 addidi
900 3784 1075 3857 stimulum,
1105 3783 1170 3844 fre-

157 3887 292 3957 quenter
304 3896 425 3955 preces.
465 3872 577 3935 Incidit
591 3879 757 3960 aliquando
769 3901 890 3955 sermo,
908 3895 943 3942 ut
955 3893 1075 3943 vestem
1088 3885 1169 3943 velle

154 3988 305 4049 mutasse,
334 3973 536 4049 credidisses,
565 3989 618 4038 aut
638 3979 806 4042 incussisse
827 3982 925 4043 minas
942 3983 1020 4043 male
1039 3983 1170 4044 audien·
