2640 4634
428 320 710 437 Epigrammata.

69 525 155 608 Quid
173 526 456 592 sactum'interea‘?
474 533 575 597 movit
592 535 683 598 Jovis
703 539 839 624 armiger
858 546 929 610 alas.

145 627 230 708 Quid
250 629 392 690 Veneti?
411 631 506 692 rebus
527 637 714 700 consuluere
732 640 819 724 fuga.
843 654 849 663 ’

66 729 171 810 Quem
192 731 288 792 finem
307 750 433 810 sperare
450 731 548 795 licet?
568 736 691 818 Regina
710 741 893 820 volucrum,

142 832 184 892 Et
203 841 326 906 rostro,
347 841 378 893 et
397 832 485 893 saevis
502 835 663 917 unguibus
683 860 767 903 arma
785 857 884 926 geret.

63 930 198 994 Desinet
218 953 287 994 esse
307 933 396 1008 Leo,
416 933 519 1012 spolio
538 936 604 998 dux
623 936 724 1002 rictus
744 944 909 1024 adempto,

141 1031 317 1116 Fractaque
335 1032 369 1095 iu
388 1033 524 1097 Adriaca
540 1037 629 1099 Rana
646 1040 753 1102 latebit
770 1065 860 1127 aqua.
1024 1126 1027 1133 Ι

1022 1150 1039 1183 'i

11 1282 21 1317 t

160 1346 229 1418 De
254 1345 423 1420 odioso
449 1349 742 1424 Venetorum
766 1353 980 1455 imperio,

217 1509 301 1588 Quae·
313 1508 429 1571 vicinia
447 1531 513 1573 non
531 1511 601 1573 tulit
619 1515 751 1591 moleste

214 1611 397 1691 Regnantes
417 1611 587 1672 Venetos?
612 1613 682 1694 quis
702 1616 797 1678 anxio
816 1639 884 1681 non

215 1698 418 1773 Commutare
436 1710 563 1771 volebat
581 1711 638 1773 hos
656 1710 801 1792 periclo?

214 1808 400 1898 Crudeleis,
420 1809 583 1886 dontinus,
604 1801 747 1893 gravem,
768 1825 933 1893 tyrannos,

212 1913 340 1987 Saevott,
362 1908 546 1987 δημοβόοους,
566 1910 671 1988 serOS,
692 1898 837 1992 rapam,

214 2013 396 2074 Gaudentes
416 2033 513 2089 nece,
533 2013 832 2100 sanguinariosque,

214 2112 391 2201 Cyclopum
410 2113 551 2190 simileis,
571 2105 750 2178 acerbiores

213 2213 298 2276 lrato
318 2213 461 2291 Phalari,
481 2216 673 2294 Syracusana

212 2314 288 2377 Plus
309 2317 380 2377 aula
401 2337 539 2391 nocuos,
561 2318 753 2379 cadaveroso

212 2415 328 2496 Regno
349 2416 575 2497 Lestrigonum
594 2415 800 2486 cruentiores.
875 2409 881 2432 '

212 2515 274 2576 Sed
293 2536 342 2574 me
362 2514 488 2588 nescio,
508 2514 585 2596 quid
602 2515 701 2594 magis
721 2517 882 2587 molestat,

211 2615 254 2676 Ut
274 2612 369 2674 nolim
388 2615 530 2675 Venetos
546 2612 605 2675 'diu
623 2612 798 2692 imperare,

210 2717 337 2800 ¹Negant
354 2736 373 2778 a
390 2714 524 2778 Venetis
543 2713 638 2777 fidem
656 2711 767 2776 teneri.
836 2791 839 2796 .

239 3016 416 3087 *Votum
448 3013 495 3087 in
525 3013 871 3111 morbo-pedis.

54 3177 123 3240 Has
144 3172 201 3235 tibi
223 3175 307 3237 dona
325 3173 396 3236 fero
415 3174 526 3241 mundi
543 3186 694 3256 regnator
713 3176 753 3238 ad
771 3195 861 3248 aras,

134 3277 211 3355 Quae
234 3276 316 3338 dabo
338 3273 400 3356 Jam
418 3279 506 3340 salvo
526 3276 729 3357 prosperiora
746 3275 839 3355 pede.

55 3376 107 3438 Da
125 3377 272 3439 morbum
288 3396 410 3438 cessare
430 3377 539 3459 pedis,
559 3379 599 3440 da
617 3376 717 3439 robur
736 3375 930 3454 ademptum,

135 3476 186 3538 Sic
206 3490 260 3540 tua
280 3496 442 3561 nunquam
460 3479 569 3542 Arabo
589 3478 704 3556 templa
723 3496 835 3557 sapore
853 3485 976 3536 vacent.

57 3579 163 3642 Marte
182 3579 264 3660 rapit
283 3579 426 3640 Venetos
447 3581 514 3642 dux
530 3577 765 3660 Maximilianus
781 3570 820 3645 'in
838 3578 963 3651 hostes,

133 3678 310 3763 Germanos
327 3678 471 3759 pedites,
495 3691 527 3742 et
547 3678 699 3742 Calabros
720 3676 853 3762 equites.

56 3777 132 3840 Non
150 3800 282 3858 precor,
301 3790 337 3842 ut
358 3779 472 3841 morbo
492 3779 597 3841 vivam
617 3779 801 3862 tranquillus
823 3777 948 3853 abacto,

133 3877 172 3940 lrr
189 3879 306 3945 bellum
322 3891 358 3944 ut
376 3892 462 3944 tanto
483 3881 541 3943 sed
559 3881 640 3942 duce
659 3879 746 3943 miles
766 3899 844 3941 eam.
