2640 4634
1101 387 1162 434 LIII

144 542 226 616 cisti,
261 541 392 622 dignum
418 544 614 623 putavimus,
654 528 709 629 qui
736 540 846 610 »rostro
878 569 1008 634 quoque
1039 553 1158 616 calculo

144 641 340 723 probaveris.
379 643 429 701 'l'e
444 643 539 723 igitur
554 644 732 708 Urlalrieuru
750 668 856 711 eoram
869 662 975 712 nostra
991 651 1158 732 Majestate

145 754 174 803 et
192 743 305 804 illustri
321 741 505 804 Aulieorum
523 755 704 808 nostrorum
722 737 814 808 Coetu
834 750 1050 827 constitutum,
1070 765 1160 814 motu

144 842 294 923 proprio,
316 862 358 902 ex
374 852 458 902 certa
477 843 606 904 scientia
625 854 656 905 et
674 848 871 909 Auctoritate
890 863 999 913 nostra
1010 835 1161 915 Caesarea

144 942 268 1004 Laurea
303 939 435 1002 Corona
468 942 671 1018 donatimus,
714 949 955 1026 exornavimus,
997 973 1159 1036 aureoque

144 1042 274 1120 insuper
291 1042 421 1106 Annulo
440 1040 593 1123 jureque,
620 1055 652 1104 et
669 1066 730 1106 usu
749 1050 837 1109 aurei
856 1050 975 1112 Annuli
994 1053 1035 1112 ob
1049 1052 1161 1115 sacun·

146 1141 228 1202 diam
246 1153 278 1201 et
303 1141 516 1227 eloquentiam
534 1153 619 1204 tuam
637 1143 873 1221 decoravimus,
904 1150 1161 1236 Laurentumque

148 1253 180 1301 et
196 1242 345 1316 Poe'tam,
365 1252 397 1300 et
412 1242 547 1317 Vatem,
568 1253 600 1302 et
620 1242 788 1307 Oratorem
805 1245 955 1312 disertum
977 1252 1161 1328 pronuntia·

147 1343 268 1417 rimus,
287 1353 385 1422 prout
407 1352 519 1405 tenore
539 1342 737 1421 praesentium
757 1356 789 1404 te
810 1346 935 1408 Laurea
954 1347 1085 1411 Corona
1103 1372 1162 1431 per

146 1463 246 1504 sacras
261 1442 378 1503 Manus
394 1453 516 1503 nostras
532 1443 735 1518 decoratum,
755 1458 957 1522 exornatum,
980 1450 1161 1531 annuloque

145 1563 242 1605 aureo
268 1542 451 1604 decoratum
476 1543 627 1619 Poe'tam,
659 1544 842 1619 civatem,
872 1550 902 1607 e't
923 1548 1091 1611 Oratorem
1115 1548 1162 1618 l'a:

143 1642 280 1704 eundum
301 1642 451 1716 dicimus,
480 1653 514 1702 et
541 1642 792 1723 pronuntiamus.
843 1647 961 1709 Dantes
988 1659 1019 1709 et
1047 1669 1161 1710 eonce-

146 1744 255 1805 dentes
282 1743 357 1816 tibi',
399 1753 430 1803 et
456 1746 528 1806 hoc
542 1743 687 1806 Caesareo
711 1755 819 1804 nostro
845 1758 1014 1808 statuentes
1038 1748 1161 1826 edicto,

108 1831 111 1838 ¹
144 1844 231 1926 qatod
250 1828 292 1904 de
320 1853 431 1903 caetera
456 1843 490 1905 in
511 1844 754 1926 quibuscunque
780 1844 889 1907 studiis
912 1857 944 1906 et
963 1835 1161 1929 generalibus

144 1942 323 2023 praecipue,
342 1936 404 2005 tam
423 1943 457 2004 in
476 1955 541 2004 arte
560 1943 693 2006 Po'e'tica
709 1965 802 2026 quam
821 1945 855 2007 in
874 1946 1021 2008 Oratoria
1035 1942 1161 2030 legere',

144 2046 278 2118 (locere,
306 2043 468 2121 profiteri,
501 2054 534 2104 et
550 2040 768 2122 interpretari,
796 2066 832 2106 ae
859 2046 990 2125 insuper
1017 2047 1162 2110 omnibus

143 2145 340 2227 Privileglis,
359 2142 623 2239 immunitatibus,
644 2143 775 2206 ln'dultis
785 2146 1001 2223 ,honoribus,
1021 2147 1163 2229 praeemi-

144 2246 274 2320 nentiis,
313 2238 453 2326 gratiis,
479 2255 512 2304 et
540 2219 754 2306 Liberta'tibus
780 2245 879 2307 libere
907 2247 971 2322 uti,
1009 2246 1092 2322 frui,
1131 2259 1163 2308 et

144 2347 281 2429 gaudere
301 2345 435 2419 debeas,
455 2355 487 2404 et
505 2345 628 2423 possis,
655 2345 771 2427 quibus
788 2347 891 2408 caeteri
910 2348 1018 2408 Po'e'tae
1035 2368 1053 2408 a
1070 2348 1163 2408 nobis

143 2445 309 2520 Laureati,
330 2467 366 2505 ae
388 2446 540 2508 Oratores
559 2444 634 2504 freti
655 2455 728 2506 sunt
748 2459 780 2507 et
797 2447 848 2508 usi
865 2445 975 2520 fuere,
1003 2467 1060 2507 seu
1082 2468 1164 2527 quo·

145 2546 317 2612 nodotibet
356 2545 496 2626 gaudent
539 2545 769 2606 consuetudine
809 2548 860 2605 vel
904 2547 945 2606 de
985 2546 1066 2624 jure.
1121 2549 1164 2607 Et

146 2647 276 2727 amplius
291 2656 327 2707 ut
347 2644 490 2711 uberiori
510 2643 610 2725 gratia
635 2653 789 2707 nostrate
808 2656 1012 2724 prosecutum
1030 2645 1162 2720 sentias,

145 2749 192 2808 'l'e
220 2746 357 2807 eundem
385 2744 567 2809 Urlalricum
593 2765 666 2804 eum
699 2744 843 2806 omnibus
876 2743 992 2819 Bonis,
1030 2746 1161 2821 Rebus,

144 2845 334 2919 actionibus,
356 2856 386 2904 et
400 2846 419 2908 J
423 2844 530 2905 uribus
547 2844 612 2905 tuis
630 2855 692 2906 tam
709 2844 913 2924 praesentibus
933 2867 1027 2927 quam
1047 2847 1162 2908 futuris

143 2944 172 3007 in
196 2958 336 3007 nostram
355 2956 385 3006 et
403 2943 483 3006 sacri
500 2943 629 3025 lmperii
648 2945 896 3025 protectionem,
921 2945 1104 3020 tuitionem,
1131 2959 1163 3008 et

144 3045 376 3127 Salvagardiam
394 3044 636 3124 assumpsimus,
669 3056 700 3104 et
723 3043 916 3130 accepimus,
936 3056 1033 3125 prout
1049 3057 1162 3108 tenore

143 3145 345 3227 praesentium
376 3164 529 3224 expresse
563 3143 745 3206 assumimus
766 3157 798 3206 et
827 3143 1012 3224 accipimus,
1049 3163 1164 3205 conce·

144 3247 251 3309 dentes
266 3245 324 3306 tibi
345 3256 376 3305 et
388 3242 593 3324 elargientes,
614 3253 650 3302 ut
667 3242 751 3322 apud
769 3244 888 3302 nullum
907 3242 1001 3313 alium
1017 3240 1164 3304 Judieem

145 3367 237 3427 quam
263 3345 348 3425 apud
379 3345 463 3415 Nos,
504 3352 536 3402 et
562 3341 767 3404 Successores
794 3352 920 3401 nostros
946 3343 1172 3404 Romanorum¹

143 3445 269 3528 Reges,
302 3455 334 3503 et
353 3443 491 3507 Caesares
512 3452 544 3502 et
565 3438 740 3503 Consilium
765 3451 923 3515 nostrum,
952 3453 983 3503 et
1000 3461 1112 3502 eornm
1129 3441 1163 3505 in

140 3543 188 3624 jus
205 3541 337 3617 vocari,
361 3554 392 3603 et
410 3541 481 3604 Juri
501 3553 582 3603 stare
609 3537 728 3620 possis,
758 3551 788 3601 ct
809 3540 934 3602 debeas.
974 3540 1162 3602 lllarldantes

143 3643 263 3708 ideirco
285 3642 443 3704 universis
467 3653 498 3701 et
522 3639 653 3722 singulis
677 3639 756 3700 sacri
784 3641 847 3701 Ro.
893 3639 1020 3720 Imperii
1041 3638 1163 3701 Princi-

140 3746 230 3825 pibus
255 3756 318 3807 tam
338 3740 571 3854 ecclesiasticis,
601 3761 694 3821 qstain
711 3739 919 3813 secularibus,
949 3738 1163 3803 Communita·

140 3844 240 3919 tibus,
274 3813 555 3916 Univeisitatibus,
585 3838 753 3950 Collegiis,
790 3850 822 3899 et·
845 3837 985 3901 Subditis
1012 3859 1163 3921 quorum-

139 3964 266 4030 eunque
304 3944 449 4004 locorum
491 3963 549 4024 per
585 3939 769 4001 uniuersum
805 3951 948 4001 nostrum
986 3941 1164 4002 Romanum
