2670 4628
164 364 233 463 2216
430 361 489 432 De
514 379 590 429 non
616 353 789 452 degeneri
818 363 912 425 statu

166 558 398 630 Comperietque
420 556 498 609 hanc
516 569 573 606 nos
592 566 697 623 pacem
717 551 886 616 formasse,
904 546 1056 619 rudesque

164 652 317 708 Erudiisse
337 650 452 705 animes
463 688 473 717 ,
492 646 650 715 studioque
669 644 792 698 acuisse
804 651 975 713 sequestro.

149 745 275 821 ,Sentiet
292 741 455 796 horribiles
473 757 535 794 non
554 741 664 793 frustra
684 738 766 794 exire
786 737 922 803 Suevos,

150 841 262 909 ‘Atque
282 835 369 895 etiam
386 835 484 903 lingua
502 835 635 888 Francos
654 832 815 900 verbisque
833 830 1004 897 timendos,

165 930 333 986 Terribiles
353 928 485 1002 equitum
503 937 635 992 turmas,
658 933 689 979 et
704 912 936 989 fulmina'belli,

164 1023 392 1092 Vindelicasque
410 1021 554 1094 Aquilae,
573 1031 660 1091 atque
680 1016 821 1071 'ebrietate
842 1017 964 1080 feroces

166 1117 301 1172 Saxoniae
319 1117 466 1188 populos,
486 1132 542 1169 nee
561 1121 696 1181 egentem
714 1111 829 1164 viribus
848 1110 988 1164 Hessum.

164 1211 204 1268 Et
221 1228 373 1280 nunquam
391 1209 536 1264 domitum
555 1207 715 1272 Rhenum,
737 1204 866 1274 totisque
885 1203 1028 1273 petitum,

164 1304 204 1358 Et
222 1303 333 1357 medias
352 1312 471 1370 gentes,
492 1318 618 1371 quarum
636 1317 715 1352 nunc
733 1299 827 1365 gloria
844 1297 955 1365 major,

166 1396 264 1470 Quam
284 1396 338 1448 fuit
357 1397 405 1449 illa
425 1404 530 1463 vetus,
550 1393 597 1446 cui
617 1393 640 1445 si
661 1408 750 1460 quem
768 1391 914 1460 temporis
934 1389 1025 1457 hujus
1103 1398 1107 1404 '

159 1489 323 1564 'Peenituiss
343 1488 493 1557 sortisque
512 1503 591 1553 snae,
609 1485 760 1555 praeconia
778 1484 898 1538 laudum

165 1574 307 1635 Attribuit
324 1581 453 1639 meliore
472 1581 560 1646 loco,
579 1578 734 1649 praesentia
753 1578 893 1646 sordent,

91 1735 94 1742 ¹
165 1673 251 1730 Dura
270 1673 378 1743 quibus
398 1675 517 1727 fortuna
535 1673 629 1739 venit,
650 1671 696 1724 cui
716 1687 862 1741 prospera
879 1688 940 1726 non
960 1677 1028 1723 sunt

166 1766 331 1843 Tempora.
368 1767 484 1821 Felices
504 1766 618 1836 primos
637 1774 744 1831 vocat,
764 1763 866 1816 ultima
885 1763 1012 1818 damnat.

96 1852 98 1856 ⁸
166 1858 194 1911 Si
212 1875 316 1912 sumus
334 1859 489 1926 imbelles,
507 1859 681 1930 priscasque
702 1858 853 1912 amisimus
875 1864 972 1922 artes,

167 1951 228 2004 Cur
243 1967 306 2017 vnon
325 1961 427 2006 nostra
445 1951 527 2008 venit
545 1951 674 2005 Romani
694 1951 862 2020 irrumpere
882 1948 989 2004 Gallus

133 2067 136 2073 ⁴
165 2044 309 2098 Aemulus
328 2043 473 2113 imperii?
486 2061 541 2097 cnr
558 2061 621 2096 non
639 2060 706 2097 sese
725 2045 796 2097 Itala
814 2043 901 2096 tellus

166 2136 262 2205 Eripit
279 2135 326 2189 his
347 2137 454 2204 titulis,
473 2136 622 2205 nobisque
641 2137 766 2190 subesse
784 2139 932 2191 recusat?

168 2229 307 2282 Cernen
327 2237 432 2284 cuncta
451 2238 555 2298 petens
574 2229 672 2281 animo
690 2229 916 2283 Mahumetiens
934 2229 1030 2282 hostis

166 2321 264 2373 Audet
283 2321 311 2374 in
328 2322 382 2381 ltus
401 2323 502 2376 vires?
526 2322 615 2374 Certe
632 2323 711 2376 haud
729 2324 790 2376 hoc
809 2333 945 2393 tempore
965 2317 1126 2393 quisquam

167 2413 249 2468 Bella
268 2415 359 2481 gerit,
379 2415 428 2484 qui
448 2433 507 2468 non
526 2416 638 2470 nestris
658 2433 690 2470 se
710 2416 824 2471 viribus
843 2427 947 2470 armet.

167 2505 234 2561 Nos
252 2507 331 2561 Asiae
352 2523 455 2577 reges,
477 2508 647 2580 Tanaisque
667 2510 781 2564 ferocia
801 2527 908 2578 regna,

166 2597 204 2654 Et
225 2599 286 2654 fera
306 2601 477 2658 Turearum
496 2619 620 2670 manus,
640 2606 829 2675 Assyriaeque
847 2603 979 2673 tyranni,

168 2691 299 2749 Sarmata
318 2709 391 2766 nos,
409 2695 573 2766 Parthique
593 2697 711 2764 legunt,
732 2714 788 2752 nos
806 2697 909 2752 Persia
929 2697 1010 2750 dives

167 2785 243 2841 Ante
264 2787 360 2842 aciem
378 2789 494 2856 statuit,
517 2807 574 2845 nos
595 2791 696 2845 ultima
715 2807 805 2856 regna
824 2789 983 2856 sequendis

168 2877 314 2932 affectant
336 2879 456 2946 castris,
477 2896 534 2935 nos
553 2881 675 2937 ultimus
695 2879 804 2951 appetit
822 2880 905 2934 orbis
916 2919 925 2945 ,

167 2968 235 3026 Nes
253 2984 347 3039 penes
365 2977 411 3028 est
428 2971 559 3029 studium
578 2989 748 3040 annorum,
770 2988 827 3027 nos
847 2973 899 3026 ista
919 2973 1085 3046 docemus,

167 3061 234 3117 Nos
253 3061 380 3120 facimus
387 3102 396 3129 ,
419 3081 547 3133 pernes
566 3065 612 3120 alii
633 3067 803 3140 iaciuntque
821 3066 996 3137 sciuntque,

168 3154 305 3210 Indicum
324 3156 386 3223 alii,
400 3157 561 3229 jurantque
581 3158 609 3213 in
626 3158 704 3213 bella
723 3160 866 3217 vicissim.
945 3171 946 3174 ’

167 3247 235 3303 Nos
254 3249 401 3314 gerimus,
420 3250 530 3319 vincit,
550 3251 704 3309 Germano
725 3253 815 3307 milite
835 3255 969 3325 quisquis

168 3338 251 3392 Bella
270 3341 361 3408 gerit,
385 3353 487 3399 nostra
506 3352 551 3400 cst
567 3344 632 3399 haee
651 3345 759 3412 gloria,
779 3346 901 3417 solaque
920 3358 1022 3402 nostra
1042 3359 1098 3407 est.

170 3429 250 3502 Quid
268 3432 364 3490 dicam
383 3450 485 3490 mores
503 3436 540 3491 ita
558 3437 638 3492 nulla
656 3437 684 3490 in
703 3445 788 3504 gente
807 3439 960 3510 pudicos?

171 3520 348 3594 Quanquam
368 3525 478 3598 aliquas
497 3529 649 3596 dederint,
668 3532 748 3600 quod
767 3540 884 3591 nostras
903 3533 1009 3602 polluit
1026 3533 1120 3589 urbes

172 3612 318 3669 Mollienli
338 3617 421 3673 labes
441 3620 523 3688 Itali,
546 3639 714 3693 quanquam
736 3623 872 3694 improba
890 3625 989 3682 Roma

169 3703 287 3759 Venerit
309 3709 336 3766 iu
356 3710 447 3779 ritus,
468 3715 644 3784 spurcisque
664 3717 802 3770 infecerit
820 3718 896 3774 istud

170 3797 249 3853 Acre
268 3799 458 3872 libidinibus,
477 3814 590 3863 castum
610 3811 779 3879 corruperit
797 3828 886 3869 omne

170 3886 286 3957 Roma,
308 3896 497 3951 sacerdotum
515 3896 603 3953 luxus
614 3940 623 3967 ,
644 3902 793 3975 vitamque
811 3904 946 3974 supinam

169 3978 369 4057 beatificum,
387 3986 524 4052 neniam
544 3991 604 4067 ipsa
624 3995 742 4065 ferens,
763 4014 849 4070 qnam
870 3997 983 4056 semine
1002 4012 1109 4071 sparse
