2670 4628
428 369 503 418 von
525 346 682 422 Huttens
708 348 898 427 Schriften.
1069 382 1173 433 xxxrx

153 535 242 600 1520.
284 536 530 600 Exclamatio
550 540 583 601 in
604 540 783 607 incendium
802 547 1030 610 Lutheranum.

172 670 214 683 -
285 637 337 700 Ad
359 640 560 701 Erasmum
581 641 775 707 Roterod.
806 647 956 724 Epistola.

173 772 209 785 -
281 738 396 801 Petri
422 739 625 805 Francisei
651 743 690 803 ad
716 745 754 806 U.
780 746 872 809 Hutt.
899 748 997 831 equit.
1020 748 1171 810 strenuis·

283 839 351 902 sim.
372 838 521 916 Epistola.

151 936 240 1002 1521.
281 936 445 1018 Dialogi
466 940 679 1001 Huttenici
699 941 809 1019 noui,
834 945 1169 1028 perquamlestivi:
1251 926 1254 932 Ι

280 1039 386 1112 Bulla,
407 1039 463 1122 vel
476 1039 644 1117 Bullioida,
1224 1042 1227 1047 ’

282 1137 427 1200 Monitor
445 1139 578 1216 primus,

281 1237 427 1299 Monitor
444 1240 618 1314 secundus,

280 1337 465 1413 Praedones,
668 1283 682 1375 l
1244 1414 1246 1419 Α

283 1437 397 1519 quibus
419 1439 591 1519 praemissae
621 1440 661 1501 ad
681 1439 832 1521 illwtriss.
851 1441 990 1524 Princip.
1006 1465 1042 1507 ae
1059 1445 1169 1506 Domi-

279 1558 356 1600 num
371 1538 525 1602 Joannem
538 1538 712 1601 Palatinum
732 1541 853 1616 Rheni,
872 1543 1011 1604 Bavariae
1029 1547 1169 1620 Ducem,

281 1638 474 1718 Epistola.
1067 1716 1070 1720 ι

280 1738 449 1800 Inveotivae
468 1739 508 1800 in
525 1738 804 1802 Hieronimum
822 1742 1071 1804 Aleandrum
1096 1745 1169 1820 (Al-

280 1839 483 1914 eandrum)
504 1850 535 1898 et
554 1839 751 1901 Marinum
772 1839 1063 1904 Caraeeiolum.

278 1937 440 2000 Inveetiva
455 1938 488 1999 in
509 1937 769 2016 Cardinales‚
800 1941 1035 2021 episcopos,
1065 1954 1169 2005 etsa·

279 2038 494 2112 cerdotes‚
520 2040 742 2101 Lutherum
761 2041 989 2105 Wormaeiae
1016 2042 1056 2102 in
1077 2063 1167 2103 con·

279 2138 378 2199 eilio
399 2139 617 2202 Germaniae
636 2142 929 2224 impugnantes.

284 2238 424 2317 Epistola
461 2239 501 2300 ad
541 2234 749 2304 Carolum'
772 2241 1061 2322 Imperatorem
1107 2261 1167 2320 pro

247 2388 250 2396 .
280 2339 436 2402 Luthero.
733 2412 738 2427 .
1157 2414 1160 2419 Ι

277 2439 337 2503 Ad
356 2440 565 2503 Albertum
587 2441 877 2521 Moguntinum
896 2440 1046 2521 Epistola.

276 2539 417 2619 Epistola
436 2539 581 2601 urrinnai
601 2539 807 2601 Piruumeu
826 2542 873 2605 ad
891 2524 1121 2602 nuttenum’.

259 2640 337 2703 nd
358 2641 576 2723 Georgium
597 2639 840 2718 Spalatinum
859 2640 1011 2718 Epistola.

280 2743 400 2803 Eadem
419 2743 466 2803 ad
485 2743 681 2821 Jodooum
699 2741 851 2803 Jonanr.

280 2843 398 2904 Eadem
424 2843 463 2903 ad
493 2842 713 2925 Martinum
733 2840 967 2913 Lutherum,
1001 2837 1170 2919 Evaqeli-

280 2955 357 3003 stam
373 2942 628 3017 invictissimum,
648 2943 780 3003 amioum
797 2940 1033 3003 sanctissimum.

280 3045 400 3105 Eadem
419 3044 458 3103 ad
477 3044 654 3104 eundern.

274 3141 874 3223 Admitibald,Pi-rkheimerum
894 3139 1075 3200 Senator.
1095 3136 1169 3196 No·

276 3242 463 3324 rimberg.
485 3243 635 3322 Epistola.
1105 3241 1107 3244 ⁴

276 3343 448 3406 Hermanni
472 3343 598 3407 Busehii
618 3341 665 3402 ad
689 3339 812 3403 Ulrie.
840 3338 1003 3399 Hutten.
1033 3331 1170 3413 Equit.

278 3435 409 3517 suum,
429 3443 579 3523 Epistola.

280 3543 338 3606 Ad
353 3543 619 3622 Praepositum
636 3540 840 3622 quemdam
854 3533 1171 3614 (Bartholom.Bern-
1224 3560 1242 3609 p

275 3640 380 3714 haldi,
402 3641 697 3726 Cambergensenr‚)
718 3639 850 3709 Hutteui
866 3637 1020 3721 Epistola.

276 3742 361 3803 Helii
375 3743 457 3803 Eob.
474 3742 567 3803 Hessi
588 3743 635 3801 ad
654 3740 858 3804 Ulriehum
878 3736 1115 3802 Huttenurn,
1135 3736 1171 3788 ut

278 3842 449 3905 christianae
474 3842 613 3903 veritatis
638 3862 778 3914 causant,
815 3850 846 3900 et
866 3835 1000 3898 Lutlreri
1024 3829 1172 3907 iujuriam

273 3943 366 4003 armis
386 3954 494 4004 eontra
514 3942 711 4006 Romanistas
733 3948 981 4021 prosequeretur
1005 3931 1171 3992 Exhort.
