2640 4634
174 402 237 469 132
438 391 494 463 Ad
513 387 691 496 ,MaximiL
719 354 946 463 cesaree*
998 434 1003 447 .

167 589 215 643 'Ie
233 589 398 643 Rhodanus
416 586 566 657 tristisque
584 583 686 638 Araris
706 598 827 637 sensere
843 580 1003 644 ruentem,

234 683 328 752 Inque
345 683 491 752 Pyrenaeo
515 679 644 733 eulmine
664 685 759 730 castra
780 674 875 730 locas.
965 706 994 755 p

167 776 256 830 Tune
272 775 491 830 Mediomatrix
508 772 600 827 sensit
617 781 665 824 tua
686 769 784 837 signa,
802 768 940 820 timentes
994 756 997 762 ’

233 869 323 924 Tune
341 869 475 922 Senonas
492 866 592 932 bello,
613 850 684 917 tune
702 862 885 932 Heduosque
904 858 988 930 petis.

164 962 232 1017 Nee
249 961 356 1031 procul
372 960 563 1027 hiematum
581 959 698 1013 funesta
716 966 812 1024 strage
829 952 1020 1024 Philippum,

230 1053 364 1109 Plurima
381 1059 451 1122 post
467 1051 586 1104 tandem
604 1050 694 1102 miliia
712 1065 787 1102 eaesa
806 1048 915 1101 refers.

162 1146 201 1200 Et
218 1155 246 1200 te
260 1147 324 1214 jam
343 1161 444 1214 regern
464 1143 591 1197 ducibus
608 1154 694 1213 peter
711 1142 776 1212 ipse
794 1143 909 1196 coactis

230 1239 376 1307 Dixerat,
396 1255 519 1294 assensu
538 1237 726 1306 consilioque
746 1237 873 1302 dueum,
960 1254 963 1259 ⁴

160 1330 253 1386 Eiieis
273 1350 287 1385 a
306 1333 407 1402 patriis
425 1331 560 1385 Matthiae
580 1339 676 1383 castra
695 1328 829 1398 Tyranni

230 1425 400 1491 Sedibus,'
393 1440 422 1476 rn
442 1440 533 1491 regno
553 1422 671 1475 sederat
688 1422 736 1475 ille
757 1432 821 1475 tuo.

160 1517 280 1569 Austria
298 1527 368 1569 tune
389 1516 498 1582 armis,
516 1525 589 1569 tune
606 1512 711 1582 magna
728 1514 842 1567 Vienna
860 1485 980 1584 recepta
999 1523 1060 1582 est,

227 1608 267 1662 Et
284 1608 337 1661 tibi
355 1625 387 1661 se
406 1617 499 1662 totam
516 1608 667 1664 Pannonis
688 1623 742 1660 era
760 1607 849 1661 dedit.

161 1701 269 1754 Omnia
290 1701 370 1755 eaade
389 1702 505 1770 reples,
525 1709 554 1753 et
571 1716 609 1754 ne
629 1700 692 1776 sine
710 1699 915 1754 testibushoc
936 1701 990 1765 sit,

82 1860 84 1864 λ
228 1794 304 1847 Ister
324 1795 360 1847 ab
378 1793 479 1846 hostili
499 1792 583 1846 clade
603 1801 745 1849 cruentus
766 1792 837 1846 abit.

71 1884 90 1907 ”
158 1885 207 1941 Ne
226 1887 279 1942 tibi
296 1888 434 1954 vulgares
453 1885 543 1938 solvit
561 1886 642 1953 nigra
662 1885 753 1937 factio
774 1900 892 1953 peenas,

77 1961 79 1968 ¹
230 1978 329 2051 Quum
348 1979 446 2049 laquei
466 1979 566 2032 infami
585 1988 683 2032 morte
701 1979 800 2047 perire
820 1980 903 2033 sacis.

102 2074 104 2079 ⁴
161 2070 231 2143 Quo
252 2079 334 2138 pater
352 2073 507 2125 Hactenus
524 2070 608 2124 bello
625 2079 673 2124 tua
692 2071 773 2139 signa
791 2081 933 2139 secutus,

228 2161 310 2231 Saepe
328 2161 400 2215 milri
419 2163 508 2229 dixit,
532 2176 658 2231 quantus
677 2163 709 2216 in
726 2179 906 2242 armanruas.

160 2253 256 2306 Sensit
275 2254 355 2306 enirn
372 2255 512 2324 viresque
529 2262 612 2322 tuas,
632 2256 786 2326 sensitque
800 2258 951 2326 vigorem,

186 2387 187 2392 κ
229 2345 305 2398 Cum
323 2346 464 2401 manibus
479 2356 591 2401 tanturn
610 2357 845 2419 prosequeretur
863 2367 951 2421 opust
1044 2396 1047 2403 .

62 2472 67 2481 ·
159 2438 295 2507 Undique
313 2440 423 2508 pacatis
441 2439 554 2506 rebus,
575 2433 716 2511 belloque
736 2443 864 2512 receptis
874 2451 897 2510 ,'

228 2530 355 2604 Quando
376 2532 486 2585 hostile
508 2533 581 2585 nihii
595 2534 658 2602 jam
682 2549 841 2604 superesse
860 2545 955 2605 putas.

160 2622 250 2678 Tune
269 2640 342 2678 vero
361 2626 487 2680 Helvetii
506 2626 579 2680 silva
600 2636 686 2696 atque
706 2644 721 2680 e
741 2627 893 2681 montibus
911 2628 968 2680 illis

226 2719 321 2781 Ausi,
341 2719 513 2773 interires
533 2721 714 2773 constituere
736 2736 815 2774 suas.

160 2807 242 2880 Quos
261 2809 349 2874 lieet,
372 2821 404 2863 ut
422 2814 525 2864 deceat
541 2814 676 2865 nondum
694 2825 851 2882 superasse
869 2812 1000 2908 puteris,

226 2899 266 2952 Et
284 2913 332 2954 res
350 2901 379 2953 in
401 2901 491 2956 dubio
510 2904 660 2973 pendeat'
654 2914 707 2958 ista
725 2914 819 2971 statu,

159 2991 240 3044 Hora
259 3002 356 3045 tamen
374 2995 473 3047 veniet
482 2996 744 3065 ,internrissoque
761 2995 914 3066 triumpho

163 3119 165 3123 -
226 3085 331 3154 Aptius
348 3086 410 3154 hoc¹
429 3087 502 3140 olim
522 3097 658 3157 ternpore
675 3097 793 3159 tempus
815 3090 879 3143 erit.

159 3177 266 3231 invidit
283 3178 404 3232 fortuna
421 3180 491 3247 tibi,
509 3181 686 3251 laudemque
705 3193 821 3236 morata
839 3190 903 3250 est,

226 3271 309 3340 Saepe
327 3271 410 3340 prius
429 3275 541 3341 magnis
558 3273 647 3327 obvia
666 3275 742 3327 facta
760 3275 843 3328 viris.
919 3294 925 3301 ·

158 3362 293 3432 Cumque
313 3363 413 3429 foret,
436 3375 549 3433 quarte
567 3376 665 3435 coepto
687 3374 844 3419 revocaret
863 3365 898 3419 ab
918 3366 974 3418 isto

226 3453 338 3521 Causa,
359 3455 455 3508 refers
474 3458 604 3527 populos
622 3457 713 3509 hoste
733 3466 850 3527 petente
868 3466 947 3511 tuos.

159 3542 326 3616 Quinetiam
348 3546 494 3615 obsequio
514 3548 566 3600 tibi
587 3549 761 3602 conuirasse
783 3551 902 3615 future,

226 3631 341 3688 Notum
362 3647 424 3705 est,
443 3647 472 3690 et
491 3640 603 3693 dex-‘tris
623 3641 718 3693 foedus
734 3641 827 3694 >inisse
847 3642 934 3694 datis>

158 3727 197 3778 Ut
215 3725 239 3778 si
257 3743 336 3780 nune
355 3729 515 3798 quiequam
534 3748 591 3800 pro·
608 3741 640 3784 ter
655 3733 753 3786 minus
773 3733 864 3800 egerit
883 3744 1018 3801 aequum⁷

228 3812 342 3869 Perfida
361 3820 427 3872 Diis
447 3821 517 3888 ipsis
536 3824 661 3876 testibus
683 3841 764 3877 arma
781 3834 874 3891 gerat.

160 3907 309 3962 Truxcrat
325 3907 410 3962 Eoos
429 3911 614 3964 Bavarorum
634 3916 661 3966 in
680 3934 748 3969 rura
766 3918 942 3980 Bohemos‚

226 4001 301 4054 Dux
319 4001 435 4068 Rheni,
454 4018 484 4054 et
499 4020 606 4071 magno
627 4021 671 4060 est
691 4026 762 4076 gens
780 4015 829 4063 tua'
846 4021 949 4079 pressa
967 4012 1060 4060 metu.
