2640 4634
157 383 202 435 cr
315 359 592 435 Grabschriften
619 360 694 432 und
718 361 1002 464 Erinnerungen

158 550 279 618 Caelera
297 555 339 617 Di
359 554 474 617 iaciant
493 554 642 617 sileantur
660 553 741 615 sacta
761 574 905 617 meorum

231 656 419 728 Armorum,
450 665 481 740 et
500 653 573 715 belli
592 665 685 738 nocte
710 667 869 732 prematur
890 677 981 735 opus.
1041 726 1043 731 ,

156 753 253 815 Vivat
274 743 354 832 opus
374 750 497 827 calami,
529 774 637 815 rerum
658 774 729 832 pars
749 755 831 815 clara
850 773 1010 815 mearum:

232 855 296 917 Per
315 874 385 915 mea
405 873 499 935 quam
520 845 686 937 nequeunt
705 853 833 915 nomina
851 865 944 916 noete
964 854 1040 937 tegi.

156 953 189 1016 si
208 966 313 1019 tamen
330 954 381 1016 illa
399 946 582 1016 etiam'fatis
602 953 693 1015 tacita
714 974 783 1016 esse
803 965 980 1029 vetantur,

232 1055 394 1116 Germanae
414 1053 501 1114 dicar
520 1053 623 1135 gentis
643 1065 763 1114 amator
782 1074 855 1136 ego.
968 1045 972 1055 ¹

157 1156 276 1220 osores
296 1152 468 1235 quicquid,
499 1153 653 1235 quiequid
672 1152 797 1227 (libatis,
825 1155 926 1229 amini,

234 1251 375 1318 Crimine
395 1273 468 1314 cum
486 1273 596 1333 paruo⁴
607 1252 708 1336 gloria
725 1273 839 1335 magna
858 1275 927 1317 mea
947 1264 1004 1315 est.

548 1433 550 1436 ’
573 1429 739 1445 m

41 1592 44 1596 ’
81 1644 90 1654 .
154 1573 488 1651 Aristomenem
520 1572 773 1672 Sobolomque
798 1574 1039 1668 Foldonam,
1077 1577 1173 1649 Com

215 1721 426 1804 terraneos,
452 1715 690 1809 Propinquos
713 1721 747 1785 et
763 1714 925 1810 Adfines
945 1716 1110 1786 Hutteni.

60 1883 63 1887 ’
153 1871 320 1952 Nobilibus
340 1879 478 1956 cunetis,
510 1881 724 1963 Francisque,
752 1881 946 1966 Horamque,
974 1864 1135 1957 Bieehiss

228 1982 388 2044 Huttenus
408 1980 587 2060 specimen,
618 1980 735 2065 gloria,
767 1984 866 2045 calcar
885 1993 963 2044 erat.
1064 1971 1067 1980 ¹

154 2082 251 2158 Quod
271 2081 381 2141 sinon
400 2079 503 2142 suerat
523 2092 642 2142 tantum
661 2081 790 2144 fortuna
808 2102 965 2156 noverca,

229 2179 359 2241 Vicerat
377 2179 428 2241 hie
449 2180 572 2260 Gallos,
602 2182 723 2244 vicerat
741 2182 791 2244 hie
811 2182 916 2246 Italos.
952 2240 958 2250 ,
1049 2230 1051 2234 ⁴

152 2281 263 2355 Hune,
292 2300 448 2363 generose
467 2300 569 2359 puer,
601 2281 723 2361 sapies,
751 2280 933 2346 imitabere:
960 2279 1050 2344 elaris

58 2425 67 2435 ,
210 2372 437 2531 ,Ἦζῗζόυιιι
456 2381 566 2443 studiis
586 2393 710 2462 praestat
727 2381 928 2465 imaginibus.
993 2388 996 2395 '

1 2573 2 2578 ,
86 2568 129 2623 “a

360 2720 574 2790 Helleni
611 2717 960 2811 Epitaphium.

152 2881 215 2943 Hic
234 2883 317 2963 jacet
335 2884 496 2945 Huttenus
514 2904 611 2966 parva
630 2882 714 2945 einis.
726 2881 849 2945 abditus
869 2902 966 2958 urna,

227 2981 290 3044 Cui
309 2983 414 3044 fuerat
431 2983 538 3063 patriae
558 2983 760 3047 sedularum
780 3004 853 3045 sure.
868 2998 876 3022 ²

152 3083 216 3165 Qui
234 3084 373 3146 moriens
391 3083 490 3167 nigris
509 3106 595 3147 nova
613 3081 728 3168 gaudia
747 3082 897 3144 Manibus
916 3079 1038 3156 adfert3

226 3183 331 3265 Coepit
349 3195 381 3246 et
401 3185 526 3264 Elysius
547 3171 660 3247 clarior
678 3204 749 3247 esse
768 3185 869 3245 locus.

150 3285 246 3346 Ferte
266 3285 364 3368 igitur
381 3289 503 3348 tumulo
519 3271 646 3359 lauros,
677 3287 874 3368 hederasque
894 3283 1049 3372 virentes,

224 3389 266 3448 Et
285 3387 437 3462 nardum,
470 3386 572 3449 doctis
591 3385 718 3466 praemia
736 3385 833 3466 digna
850 3383 938 3445 viris.

574 3560 739 3578 ..αι-

379 3695 446 3770 [η’
478 3684 942 3789 Haltenomastiqa.
1009 3707 1011 3709 ’

151 3865 251 3948 Impia
270 3889 326 3928 cur
344 3870 461 3930 laceras
482 3860 615 3928 Hutteni
637 3865 737 3929 bestia
755 3868 886 3942 Manes,

228 3967 359 4029 Immani
376 3968 506 4034 vincens
526 3963 877 4045 crudelitateScythas?
