2670 4628
153 329 217 408 198
468 356 473 368 1
516 265 808 417 Epigrammata-i

149 515 323 583 Conversis
342 514 458 577 iterum
477 506 589 586 radiis,
614 522 733 575 mutata
750 519 899 588 repente,

225 620 307 681 Rem
324 625 484 688 nostram,
516 623 548 674 et
567 614 673 674 letum
691 608 841 692 provehis
859 608 1037 689 imperium.

119 753 126 774 ι
150 719 247 802 Quod
265 717 339 779 licet
362 715 511 776 advolvas
531 711 710 780 vehementi
729 709 805 775 nixa
822 721 943 785 rotatu,

225 819 297 899 lpse
318 827 422 878 tamen
442 812 538 876 didici
556 834 623 875 non
642 811 699 881 tihi
717 812 838 874 habere
853 810 960 873 fidem.

151 923 193 989 Et
218 919 314 984 video
341 914 464 978 nostras
484 914 568 977 inter
585 934 637 976 res
658 910 736 1000 quid
755 911 811 986 sit,
842 921 874 972 et
890 910 973 987 illas,
1020 896 1021 899 ¹

226 1019 324 1100 Quod
341 1038 401 1080 nos
416 1027 457 1078 ut
473 1015 582 1095 cupias
599 1034 667 1076 non
685 1010 808 1074 variare
827 1016 930 1091 potes,

150 1121 272 1200 Nempe
294 1138 370 1180 usus
388 1137 496 1179 rerum
514 1100 607 1179 nohis
627 1113 817 1194 patientior,
845 1111 890 1177 illi

225 1219 356 1286 Assneti
377 1240 449 1299 cum
468 1217 530 1279 sint
549 1213 649 1276 tristia
666 1214 752 1286 ferre
770 1212 885 1274 minus.

153 1321 186 1403 Si
205 1321 257 1381 eui
277 1340 328 1380 res
347 1318 445 1401 igitur
463 1316 554 1380 nimis
574 1316 726 1382 affluxere
745 1313 909 1388 secundae,

228 1419 351 1493 Ordine
372 1424 504 1492 mutatas
523 1415 636 1503 aegrius
656 1414 707 1477 ille
727 1413 821 1477 feret.

597 1635 739 1653 m

300 1814 389 1937 'De
424 1804 583 1886 mundi
620 1807 994 1910 gubernatione,

154 1984 212 2048 Est
238 1984 382 2056 eoelum,
415 1993 510 2064 atque
536 1978 599 2043 illie
626 1979 733 2058 superi
760 1978 816 2062 qui
842 1980 977 2041 humana
1003 1975 1162 2037 tuentur?

230 2086 296 2145 Aut
316 2081 439 2162 uiiqims
458 2100 593 2161 usquam
613 2079 769 2153 eredimus
790 2099 860 2139 esse
881 2077 994 2158 Deos?

156 2181 218 2241 Vel
238 2180 265 2240 si
284 2180 355 2262 quis
375 2179 485 2239 divum
508 2190 555 2238 est
576 2194 730 2261 usquam,
759 2180 901 2241 mortalia
920 2177 1033 2239 curat?

231 2281 296 2344 Aut
317 2278 397 2341 adeo
417 2279 540 2358 superis
560 2280 710 2354 convenit
731 2302 800 2342 esse
819 2279 933 2353 leves?

158 2376 256 2444 Certe
284 2379 438 2462 quiequid
465 2380 498 2441 id
523 2389 588 2456 est,
624 2383 712 2464 quod
738 2402 856 2442 numen
876 2380 992 2444 habere
1012 2391 1182 2459 putamus,

233 2481 263 2544 Α
282 2501 348 2562 quo
368 2499 553 2560 persuasum
574 2493 623 2543 est
640 2482 794 2546 inferiora
816 2476 896 2564 regi.
1017 2469 1020 2474 ¹

158 2580 325 2654 nutabile,
352 2579 485 2643 infidum
504 2593 569 2658 est,
599 2583 737 2661 varium,
767 2582 934 2656 mutabile,
963 2580 1073 2657 fallax,

235 2680 397 2780 Quodque
415 2693 511 2754 nocet
529 2694 666 2760 temere,
694 2684 784 2767 quod
803 2695 986 2764 temereque
1007 2681 1106 2745 iuvat.

210 3070 457 3178 Inscriptio
482 3073 635 3174 gallici
662 3073 812 3173 clypei
844 3076 897 3158 ad
928 3074 1129 3170 aquilam.

160 3242 252 3322 Quos
271 3243 398 3331 tandem
416 3244 450 3305 in
468 3246 622 3325 populos,
645 3243 699 3308 a'ut
718 3267 784 3328 quo
803 3267 837 3306 se
855 3248 920 3310 haee
939 3246 1001 3307 lilia
1019 3242 1182 3324 pandent?

160 3334 162 3345 ’
234 3344 301 3424 Ant
321 3364 398 3425 quas
417 3343 468 3406 hic
487 3366 617 3426 serpens
636 3346 819 3407 involvetur
839 3345 944 3424 opes?

160 3440 284 3520 Inspice
302 3463 374 3523 res,
404 3443 525 3527 aquila,
552 3445 609 3508 tibi
627 3445 763 3520 luditur,
790 3445 879 3527 erige
898 3464 1035 3525 pennas,

236 3541 407 3624 Nunquam
429 3563 505 3621 eura
522 3545 580 3608 tibi
599 3546 699 3617 maior
716 3545 860 3624 habenda
878 3545 955 3623 fuit,

46 3710 48 3713 ¹
159 3640 258 3723 Effice
277 3643 396 3719 cristati
416 3657 609 3723 marcescant
627 3647 690 3712 lilia
710 3647 808 3722 Galli,

237 3742 280 3807 Et
297 3742 358 3820 sit,
392 3745 449 3829 qui
467 3764 603 3829 serpena
620 3747 730 3825 debuit
748 3768 818 3825 esse
842 3759 927 3827 tuus.

597 3886 739 3917 'm
