2640 4634
546 390 647 484 Eleg.
684 389 742 460 1v.

117 620 118 623 ¹
139 593 187 647 Sic
207 588 312 659 aliquis¹
332 586 422 654 longo
442 585 569 639 lassatus
589 586 683 639 navita
702 594 813 654 ponto,

210 682 301 756 Quod
320 680 391 731 vidit
409 680 504 748 primo
525 677 654 743 lumine,
673 678 751 730 littus
771 680 837 731 adit.

143 780 188 833 Te
207 775 279 828 mihi
298 774 448 842 praecipue
466 788 572 838 magno
594 772 666 824 rude
686 772 790 837 vulgus
808 773 926 828 honore

207 867 340 932 Extulit,
361 874 388 917 et
407 866 490 916 farriae
511 873 554 916 ost
573 864 658 933 copia
681 865 805 933 pulchra
824 875 891 919 tuae.

138 966 236 1030 Atque
256 959 359 1028 aliquis
381 958 464 1010 dicit:
486 973 576 1026 prece
594 956 618 1009 si
637 956 800 1026 pulsaveris
819 958 924 1025 istum,

206 1053 308 1107 Mittet
330 1068 438 1121 opem,
460 1050 537 1103 votis
556 1050 757 1118 auxiliumque
778 1053 863 1104 feret.

139 1148 211 1203 Non
231 1156 342 1198 temere
362 1143 482 1209 scribe,
503 1141 566 1194 fidis
584 1159 743 1210 persuasus
764 1144 884 1212 amicis,

208 1241 275 1294 Nec
294 1246 395 1290 movet
414 1236 564 1310 ingenium
584 1252 672 1289 causa
691 1236 809 1290 sinistra
829 1254 940 1293 meum.

140 1333 240 1388 Invida
260 1340 434 1401 paupertas,
453 1339 540 1399 atque
558 1330 623 1382 lraeo
642 1329 781 1382 violentia
799 1331 899 1384 morbi

207 1426 318 1479 Nonne
338 1424 419 1476 viros
438 1434 561 1493 possent
580 1422 740 1476 sollicitare
761 1425 888 1489 graves?

142 1519 277 1587 Tempus
297 1525 375 1582 erat,
394 1533 454 1585 quo
470 1533 518 1568 me
539 1515 717 1568 elementior
736 1531 806 1568 aura
819 1517 958 1583 fovebat,

208 1610 278 1682 Quo
298 1609 377 1661 carui
396 1608 531 1675 morbo,
549 1607 748 1678 pauperieqdc
770 1607 856 1662 mei:

141 1703 228 1757 Tunc
248 1702 320 1754 alios
340 1701 426 1753 ctiam
445 1701 559 1770 privata
576 1709 658 1754 sorte
672 1699 833 1766 juvabam,

206 1793 245 1847 Et
261 1793 332 1845 nulli
351 1802 487 1845 nostrum
506 1793 598 1846 defuit
616 1791 768 1845 auxilium.

141 1885 215 1961 Quae
234 1886 288 1938 fuit
306 1887 334 1938 iu
353 1885 442 1940 nobis
464 1867 554 1955 pietas
566 1925 575 1952 ,
589 1887 633 1938 ia
652 1885 781 1954 praestita
800 1887 918 1954 multis,

208 1980 277 2033 llaec
300 1989 420 2034 moveat
437 1980 554 2045 vultus,
573 1995 592 2031 ο
615 1978 775 2031 Joachime
786 2019 795 2045 ,
814 1983 902 2034 tuos!

141 2071 244 2142 Sisque
262 2072 334 2125 mihi
355 2071 466 2138 facilis,
484 2071 625 2141 precibus
644 2087 803 2140 persuasus
820 2071 972 2139 honestis,

205 2164 341 2218 Dextera
362 2164 417 2217 sub
438 2164 544 2234 quovis
559 2163 661 2231 judice
681 2181 769 2237 cansa
786 2181 852 2217 mea
871 2174 925 2218 est.

140 2257 212 2313 Non
230 2257 302 2310 mihi
313 2247 330 2323 ,’
345 2257 427 2326 siqua
447 2258 517 2324 fuit,
535 2257 669 2310 ludendo.
683 2246 801 2326 perdita*
812 2272 862 2309 res
882 2267 943 2321 est,

209 2351 284 2404 Cum
304 2351 383 2402 foret
402 2351 436 2404 ad
454 2350 574 2420 cupidas
595 2351 657 2415 alen
674 2350 754 2417 jacta
776 2365 901 2403 manus:

140 2441 344 2497 Non-oculata
362 2459 449 2495 meos
469 2442 583 2495 diduxit
601 2449 715 2495 tessera
733 2457 873 2495 nummos
883 2482 891 2508 ‚

207 2534 273 2588 Nec
291 2535 417 2587 volucer
441 2535 552 2602 positas
574 2535 649 2587 talus
671 2535 767 2600 abegit
785 2550 880 2603 opes:

139 2624 208 2684 Nec
225 2643 272 2679 me
294 2626 380 2692 vina,
399 2625 509 2693 dapes,
529 2635 557 2677 et
576 2626 675 2694 inepto
695 2635 796 2676 scorta
815 2627 919 2678 favore

206 2717 355 2772 Fecerunt
373 2717 516 2770 humilem
534 2717 626 2771 sortis
645 2718 724 2770 adire
746 2726 869 2770 statum:

139 2810 195 2865 Est
212 2812 240 2863 in
258 2810 408 2865 Pomeriis
428 2811 574 2879 spoliator
593 2811 720 2864 Lossius
741 2810 822 2876 oris,
939 2800 940 2805 ¹

208 2904 261 2957 Ille
280 2920 361 2956 meas
380 2913 498 2969 vestes,
517 2914 682 2975 caeteraque
706 2904 754 2956 illc
772 2904 848 2958 tulit.

139 2995 208 3051 Noc
227 2996 386 3064 quidquam
407 2996 436 3047 in
455 3012 542 3049 causa
563 3007 623 3063 est,
644 3014 699 3049 eur
716 3013 765 3051 mc
783 2996 919 3066 spolidrit
937 2998 1084 3066 inultum,

209 3087 363 3141 Obsessor
381 3089 484 3156 patulae
503 3088 632 3155 praedam
651 3089 783 3155 agitando
804 3089 869 3142 viae.

140 3177 192 3231 vis
211 3179 286 3231 illata
304 3180 394 3245 mihi,
417 3188 445 3231 et
463 3179 576 3231 tumido
598 3179 737 3232 violentia
757 3182 854 3247 fastu,

209 3271 292 3325 Hanc
314 3273 420 3324 furiam
440 3271 468 3323 in
487 3271 626 3322 damnum
646 3271 789 3341 compulit
808 3272 850 3324 ire
869 3289 981 3324 meum.

142 3361 232 3437 Quod
252 3365 362 3418 factum
383 3373 426 3418 est
443 3362 548 3429 nobis,
568 3363 662 3432 potuit
682 3364 853 3430 contingere
872 3374 993 3435 tecum,

210 3456 237 3509 Si
258 3457 376 3523 nescis,
395 3439 497 3510 variasl
512 3472 579 3508 sors
598 3458 706 3525 premit
726 3465 805 3508 arcta
823 3458 916 3512 vices·

140 3549 208 3604 Nec
227 3551 335 3602 mirum
354 3561 417 3615 cst,
435 3549 507 3601 mihi
526 3550 549 3602 si
569 3550 662 3602 voluit
682 3551 799 3602 fortuna
813 3549 930 3616 jocari,

209 3644 291 3711 Saepe
309 3642 357 3694 vel
374 3642 439 3694 haeo
456 3641 568 3708 magnis
587 3642 658 3692 ludit
677 3642 704 3693 in
727 3642 860 3708 ingeniis.

142 3736 238 3789 Cerne
257 3752 354 3789 novos
377 3752 485 3801 casus,
505 3735 633 3804 priscam
654 3734 847 3787 reminiscere
866 3745 999 3810 sortem,

209 3828 266 3894 Et,
285 3839 390 3897 potes,
412 3829 440 3879 in
458 3827 547 3880 nobis
567 3827 667 3879 mollia
687 3829 776 3880 corda
795 3832 882 3894 gere!

139 3919 192 3974 Dii
209 3920 280 3986 tibi,
300 3921 383 3989 siqua
404 3921 475 3972 mihi
493 3920 625 3985 tribu-as,
646 3920 672 3970 in
693 3929 827 3989 tempore
850 3920 987 3985 reddant,

209 4012 248 4065 Et
264 4013 405 4066 meritum
423 4013 479 4065 hac
498 4011 626 4083 pretium
647 4029 701 4081 pro
722 4012 827 4081 pietate
846 4015 937 4066 feras·
