2640 4634
172 549 213 610 Et
229 548 309 604 varia
328 555 450 601 exercet
468 547 524 602 sub
542 549 666 603 multam
684 547 785 616 gaudia
802 552 938 613 noctem,

245 642 359 697 Gaudia
377 657 437 694 non
456 657 516 693 uno
536 641 703 709 perniciosa
721 639 824 694 modo.

174 733 273 789 Multa
291 733 512 798 refringuntur‚
539 733 673 786 titubanti
693 749 761 785 curn
780 733 854 802 pede
872 747 977 786 servus

242 826 318 881 Post
338 826 457 893 epum,
484 833 512 876 et
530 834 598 895 post
615 826 722 893 pocula
742 835 828 879 strata
848 824 928 894 petit.

175 918 263 974 Misit
283 916 311 973 in
331 917 463 970 oblatum
482 916 633 970 titubantia
652 918 787 971 membra
805 917 971 982 caminum,

247 1011 313 1064 Nec
332 1009 465 1065 cubitum
485 1010 617 1063 instantis
637 1026 739 1079 pressa
757 1011 886 1064 fenestra
903 1008 977 1067 tulit.

178 1104 376 1160 Semineclusa
397 1103 478 1155 canis
496 1102 585 1155 subiit
604 1102 739 1171 cellaria,
760 1112 788 1156 et
807 1103 867 1156 iilic

249 1195 339 1269 Quod
358 1205 511 1264 superest,
531 1195 634 1264 rapido
655 1196 779 1249 devorat
797 1212 850 1249 ore
869 1193 938 1248 cibi.

177 1287 249 1359 Haec
268 1304 389 1359 quoquc
407 1287 544 1355 neglecto
563 1286 643 1340 venit
661 1289 780 1341 fortuna
798 1287 947 1354 canistro,

215 1416 217 1421 s
245 1382 284 1436 Et
304 1399 368 1450 quae
388 1390 531 1451 praeterea
550 1381 644 1433 diruta
661 1381 751 1434 multa
765 1380 882 1448 jacens,

178 1474 247 1549 Ipse
269 1474 393 1528 domum
414 1473 532 1524 tandem
552 1473 670 1528 rediens
688 1473 779 1525 herus
799 1472 902 1525 anxius
919 1469 1028 1538 ambit,
1108 1481 1111 1484 ’

246 1565 286 1619 Et
306 1565 386 1634 cupit
404 1564 434 1617 in
453 1565 567 1618 'damnis
586 1565 699 1632 singula
717 1580 808 1618 nosse
829 1565 900 1619 suis.

179 1655 263 1720 Dum
282 1656 405 1728 quaerit,
424 1657 494 1709 dum
513 1672 605 1710 nosse
624 1657 725 1725 cupit,
745 1657 844 1713 Nemo
866 1656 965 1710 omnia
982 1657 1073 1724 fecit,

153 1814 156 1821 Ι
248 1749 433 1820 Efficiorquo
452 1749 703 1805 oninia·criminis
723 1758 808 1803 autor
827 1765 893 1817 ego.

182 1842 322 1900 Criminis
341 1852 428 1895 autor
446 1859 522 1910 ego,
540 1843 592 1896 sed
612 1843 691 1895 enirn
709 1859 766 1896 nec
785 1842 899 1896 lumine
916 1842 1041 1909 fungor,

250 1935 366 1993 Pendet
385 1944 413 1988 et
432 1934 563 1989 occlusis
585 1950 657 1988 sera
670 1943 790 2005 reposta
808 1934 909 1989 labris

181 2026 232 2089 Nil
251 2028 408 2094 manibus,
425 2027 466 2081 nil
485 2044 556 2079 aure
574 2044 665 2094 gero,
684 2043 884 2097 manuumque
902 2024 1091 2100 pedumque²¹

251 2119 418 2189 Impediunt
434 2119 538 2181 vetitas
558 2121 683 2188 pcnduia
704 2120 800 2174 vincla
818 2120 911 2173 vices.
980 2157 985 2163 -

184 2208 275 2282 Quod
294 2211 318 2263 si
338 2211 438 2265 Nemo
458 2230 571 2279 vocor,
590 2229 647 2266 nec
665 2229 751 2280 sum,
773 2213 823 2283 qui
841 2213 942 2270 vivere
960 2228 1085 2285 possum
1092 2253 1103 2287 ,

253 2303 373 2377 Quique
391 2304 463 2357 nihil
481 2305 595 2357 valeam
614 2304 743 2372 fingere,
762 2306 871 2376 quique
890 2307 984 2376 loqui.

183 2398 244 2457 Aut
264 2397 288 2451 si
310 2397 379 2466 quid
397 2397 486 2464 vivo,
510 2396 560 2468 qui
579 2398 618 2451 nil
641 2397 826 2468 faciamque,
844 2399 1010 2469 loquarque
1017 2419 1028 2469 3

219 2489 225 2501 “
255 2490 334 2562 Quid
346 2490 488 2558 ¹queritur
505 2501 623 2545 nostras
642 2491 730 2560 impia
748 2490 834 2543 turba
852 2494 981 2546 manus?

183 2583 224 2637 At
241 2591 290 2647 tu,
311 2582 357 2633 cui
376 2591 424 2635 tua
444 2597 511 2649 res,
530 2584 577 2636 cui
596 2585 682 2636 turba
701 2586 865 2640 domestica
884 2603 962 2639 ourae
982 2588 1048 2640 est?

255 2675 282 2727 Si
301 2675 397 2743 sapis,
418 2675 585 2732 admonitus
604 2687 727 2747 pectora
744 2689 827 2731 verte
847 2693 945 2734 meos.

187 2767 326 2836 Inspice,
345 2783 421 2836 quos
440 2783 570 2834 voveas,
594 2770 663 2837 quid
682 2771 837 2840 quisquam
856 2771 929 2824 faxit
947 2771 976 2824 in
994 2771 1070 2838 illis,

257 2859 338 2936 Saepe
358 2868 444 2934 potes
463 2860 549 2912 tantis
568 2859 645 2919 liber
662 2861 742 2919 abire
761 2862 856 2916 malis.

741 2954 809 3013 Diis
829 2954 1008 3025 auspicibus
