2640 4634
271 377 398 465 donch.
418 374 569 461 Vediani
594 387 641 467 ad
659 372 823 462 Collimit
844 385 1018 483 Epistola.
1084 394 1148 465 113

138 589 215 651 dum
234 585 335 646 iretur
352 564 509 655 cubitum,
529 565 682 655 ostendit,
704 579 775 641 satis
795 585 986 641 attestantur.
1026 563 1150 644 Deinde

139 687 404 772 ¹quemadmodum
440 683 521 744 circa
552 704 590 743 ea
610 684 679 743 loca
708 701 725 741 a
761 680 897 761 Calypso
926 680 1062 762 quodam
1095 688 1150 738 exa

139 800 269 867 eepurs,
294 784 397 858 sotus,
423 796 454 844 et
479 795 604 844 curatus
628 803 746 843 summa
768 803 839 843 cum
861 780 1022 863 diligentia
1044 779 1150 842 fuerit.

140 888 279 950 Rursum
298 890 392 958 v'ero,
413 882 577 945 Mercurio
596 900 656 944 suo
675 881 718 943 ila
735 883 920 964 insiigante,
942 903 1000 960 per
1018 883 1153 943 saltuosa

139 986 298 1059 Boemiae,
317 993 475 1063 parmosus
499 995 531 1044 et
552 983 718 1065 naufragio
741 987 904 1064 squalens,
924 967 957 1043 111
974 983 1153 1044 Mora'viam

139 1088 239 1160 illam,
267 1084 425 1146 fertilitate
448 1082 596 1162 Corcyrae
622 1084 692 1144 fere
715 1103 839 1162 parem,
869 1091 904 1143 ut
925 1104 998 1142 casu
1019 1083 1152 1159 venerit,

139 1186 248 1268 ibique
278 1187 318 1246 ad
349 1183 532 1244 Stanislaum
559 1188 760 1258 'l'ursoncm,
801 1183 994 1262 Episcopum
1023 1183 1153 1245 Olomu³

141 1303 287 1358 cessem,
324 1284 540 1345 studiosorum
573 1296 604 1344 et
636 1285 745 1344 Musas
780 1284 951 1345 colentium
986 1284 1155 1346 Alcinoum

139 1370 403 1460 liberalissimum,
439 1387 592 1447 deductus
610 1384 737 1458 -suerit;
779 1399 844 1445 n'on
872 1385 1039 1466 quidemr
1069 1387 1154 1445 Nau·

141 1488 238 1562 sicaa,
264 1504 333 1569 quae
355 1487 417 1546 illic
438 1489 521 1548 nulla
540 1498 622 1559 erat,
652 1487 709 1546 sed
729 1487 767 1546 ab
784 1469 934 1549 Erben'e'o
954 1488 1069 1561 heroe,
1094 1482 1156 1547 hoc

141 1599 207 1662 cst,
226 1586 405 1668 Augustino
429 1587 587 1660 Moravo,
613 1586 668 1666 qui
690 1606 810 1647 summa
830 1588 1008 1648 eruditione
1030 1595 1060 1648 et
1080 1595 1155 1666 pru³

142 1687 248 1750 aientia
275 1687 345 1762 vir,
383 1680 526 1746 Hutten'o
557 1687 706 1765 adpulso‚
747 1691 781 1746 ul
808 1688 943 1748 'animuin
973 1681 1080 1761 nolit,
1116 1707 1157 1754 ex

143 1787 245 1850 officio
266 1784 313 1848 'est
335 1787 567 1867 patrocinatus,
598 1787 862 1880 'quemadmodum
886 1785 1051 1848 Echeneus
1075 1781 1158 1875 'apud

142 1872 337 1962 Homerum
358 1888 392 1948 in
412 1887 555 1966 Odyssea
574 1888 717 1966 Ulyssem
738 1887 957 1969 peragrinum,
983 1886 1016 1948 in
1032 1870 1159 1950 Alcinoi

142 1993 221 2049 auro
254 1989 450 2070 gemmisque
480 1986 690 2048 lucescentem
723 1991 844 2063 aulam,
883 1984 1031 2062 induxit,
1069 1985 1159 2047 mini·

142 2109 257 2170 meque
278 2108 405 2167 passus,
425 2087 465 2147 ad
484 2086 594 2148 iocum
611 2109 684 2148 eum
702 2088 735 2150 in
752 2088 858 2150 cinere
875 2088 1018 2150 ultimum
1035 2088 1157 2149 sedere·

146 2187 208 2251 Cui
242 2189 402 2268 Episcopo
438 2206 532 2270 quam
566 2192 654 2271 grata
685 2171 783 2253 fuerit
816 2183 949 2251 Hutteni
987 2183 1160 2269 praesentia,

144 2300 265 2348 certum
297 2289 452 2350 faciebant
482 2300 513 2349 et
546 2288 653 2350 alacris
686 2290 838 2369 sonipes
874 2310 969 2372 quem
997 2288 1040 2351 illi
1073 2282 1160 2355 dono

150 2388 255 2463 dedit,
276 2401 307 2449 et
325 2392 445 2471 largum
465 2389 634 2450 admodum
654 2390 819 2462 viaticum,
842 2405 906 2472 quo
924 2390 963 2449 ad
981 2396 1039 2450 'nos
1057 2397 1159 2472 usque

144 2488 306 2568 pervenit,
334 2488 400 2549 ¹tum
426 2473 557 2549 annulus
582 2510 623 2549 ex
652 2500 729 2549 auro
759 2490 790 2549 el
816 2489 932 2571 insigni
958 2497 1094 2570 gemma,
1122 2487 1161 2549 ab

146 2589 325 2671 Augustino
353 2587 527 2673 Praeposito
552 2589 701 2662 tlorratus,
733 2593 827 2670 quem
853 2594 970 2651 su'm'ma
994 2587 1160 2670 'utriusque'

146 2683 237 2751 laude
258 2700 288 2747 et
309 2686 580 2748 commendatione
605 2674 718 2758 erebro
738 2687 843 2769 digitis
865 2686 1004 2768 gyrabat.
1045 2680 1161 2770 Quum,

147 2788 288 2871 impiam,
308 2789 373 2852 hacc
391 2785 422 2848 ei
441 2787 499 2848 alia
516 2787 667 2849 memoria
686 2789 842 2863 re1s'ar'et,
862 2789 988 2875 martum
1007 2787 1162 2851 insidunt

146 2890 303 2963 inserens,
340 2906 465 2949 carmen
491 2889 703 2969 deprompsit,
735 2877 845 2951 solutis
870 2882 1054 2970 inscriptum
1074 2892 1160 2952 sche-‘

148 2990 245 3052 dulis:
266 2991 447 3063 1111111111),
468 2989 631 3070 inquiens,
648 2991 709 3051 viri
725 2990 824 3063 boui,
846 3001 911 3072 'quo
930 2993 1001 3051 l'o'co
1021 2979 1162 3052 habendal

146 3091 187 3156 'sit
204 3096 241 3148 c'a
259 3108 372 3165 opera,
393 3093 487 3172 quam
500 3089 616 3172 diebus
634 3089 786 3168 proximis
806 3075 847 3148 ob
863 3089 993 3172 iteneris
1011 3090 1160 3148 aerumnas

148 3199 313 3261 constans,
341 3186 374 3246 in
400 3185 594 3248 invictissimi
620 3187 751 3250 Caesaris
772 3187 873 3246 nostri
894 3186 1094 3263 memoriam,
1120 3189 1162 3248 eit

147 3290 244 3352 rebus
265 3292 281 3346 a
305 3299 339 3346 se
370 3270 518 3347 institutis
543 3286 704 3371 insumpsi.
745 3270 841 3365 Quod
874 3307 973 3367 qurrm
997 3287 1162 3353 vellicatim

150 3394 363 3468 carperemus.
384 3397 473 3473 erant
491 3385 591 3460 enim,
611 3389 645 3448 ul
657 3382 805 3462 Sibyllina
818 3386 909 3459 olim,
929 3378 1005 3446 lolia
1022 3385 1164 3467 dispersa

150 3488 264 3597 placuit
287 3470 464 3548 omnibus
456 3492 565 3571 invent
566 3500 636 3560 um,
663 3486 799 3566 dataque
821 3485 1041 3560 estaperseo
1066 3499 1163 3565 opera

150 3588 220 3668 'ejus
239 3570 452 3660 exscribendi,
474 3598 504 3646 et
522 3564 616 3646 libelli
637 3570 774 3648 formula·
791 3564 1023 3666 compingendi.
1060 3588 1163 3665 Quem

150 3693 272 3767 isuper,-
298 3686 401 3748 dum'
392 3707 425 3746 m
447 3685 577 3766 patriam
599 3685 673 3747 abiit
692 3683 832 3763 Marius,
859 3696 968 3748 rursus
987 3686 1090 3750 risum
1108 3687 1163 3754 dc-

150 3811 314 3826 ...—

187 3879 209 3924 *l
228 3871 260 3920 Ei
278 3883 381 3922 censete.
410 3856 500 3924 sarsi

175 3954 212 4016 111
230 3968 263 4011 ss
282 3960 306 4013 1.
325 3968 371 4011 una
389 3968 442 4013 sara
461 3967 566 4015 1111111
584 3951 636 4013 aut
654 3949 779 4012 11111111,

204 4068 270 4124 111111.
289 4075 333 4130 op.
352 4075 378 4119 T.
399 4066 416 4120 1,
764 4053 782 4130 ii
