<?xml version="1.0" encoding="UTF-8"?>
<!DOCTYPE html PUBLIC "-//W3C//DTD XHTML 1.0 Transitional//EN"
    "http://www.w3.org/TR/xhtml1/DTD/xhtml1-transitional.dtd">
<html xmlns="http://www.w3.org/1999/xhtml" xml:lang="en" lang="en">
 <head>
  <title>
</title>
<meta http-equiv="Content-Type" content="text/html;charset=utf-8" />
  <meta name='ocr-system' content='tesseract 3.04.00' />
  <meta name='ocr-capabilities' content='ocr_page ocr_carea ocr_par ocr_line ocrx_word'/>
</head>
<body>
  <div class='ocr_page' id='page_1' title='image "./ulrichiabhutten01mngoog_0130.png"; bbox 0 0 2640 4634; ppageno 0'>
   <div class='ocr_carea' id='block_1_1' title="bbox 599 398 835 472">
    <p class='ocr_par' dir='ltr' id='par_1_1' title="bbox 599 398 835 472">
     <span class='ocr_line' id='line_1_1' title="bbox 599 398 835 472; baseline -0.008 0"><span class='ocrx_word' id='word_1_1' title='bbox 599 398 835 472; x_wconf 80' lang='lat' dir='ltr'>Tetrasticha.</span> 
     </span>
    </p>
   </div>
   <div class='ocr_carea' id='block_1_2' title="bbox 687 593 755 648">
    <p class='ocr_par' dir='ltr' id='par_1_2' title="bbox 687 593 755 648">
     <span class='ocr_line' id='line_1_2' title="bbox 687 593 755 648; baseline -0.044 0"><span class='ocrx_word' id='word_1_2' title='bbox 687 593 755 648; x_wconf 93' lang='lat' dir='ltr'><strong>XII.</strong></span> 
     </span>
    </p>
   </div>
   <div class='ocr_carea' id='block_1_3' title="bbox 368 727 1069 798">
    <p class='ocr_par' dir='ltr' id='par_1_3' title="bbox 368 727 1069 798">
     <span class='ocr_line' id='line_1_3' title="bbox 368 727 1069 798; baseline -0.01 -10"><span class='ocrx_word' id='word_1_3' title='bbox 368 733 422 789; x_wconf 79' lang='lat' dir='ltr'>Ad</span> <span class='ocrx_word' id='word_1_4' title='bbox 437 732 608 786; x_wconf 84' lang='lat' dir='ltr'>Henrz&#39;cum</span> <span class='ocrx_word' id='word_1_5' title='bbox 628 729 811 796; x_wconf 79' lang='lat' dir='ltr'>Holzman,</span> <span class='ocrx_word' id='word_1_6' title='bbox 834 727 1069 798; x_wconf 77' lang='lat' dir='ltr'><strong><em>Philosophum.</em></strong></span> 
     </span>
    </p>
   </div>
   <div class='ocr_carea' id='block_1_4' title="bbox 214 957 1070 1311">
    <p class='ocr_par' dir='ltr' id='par_1_4' title="bbox 214 957 1070 1311">
     <span class='ocr_line' id='line_1_4' title="bbox 214 957 1046 1031; baseline -0.011 -15"><span class='ocrx_word' id='word_1_7' title='bbox 214 963 257 1018; x_wconf 83' lang='lat' dir='ltr'>Sis</span> <span class='ocrx_word' id='word_1_8' title='bbox 276 964 384 1016; x_wconf 90' lang='lat' dir='ltr'>melior</span> <span class='ocrx_word' id='word_1_9' title='bbox 401 961 514 1031; x_wconf 84' lang='lat' dir='ltr'>sophiae</span> <span class='ocrx_word' id='word_1_10' title='bbox 532 960 697 1029; x_wconf 86' lang='lat' dir='ltr'>interpres,</span> <span class='ocrx_word' id='word_1_11' title='bbox 720 959 866 1012; x_wconf 80' lang='lat' dir='ltr'>meliorve</span> <span class='ocrx_word' id='word_1_12' title='bbox 877 957 1046 1021; x_wconf 75' lang='lat' dir='ltr'>sacerdos,</span> 
     </span>
     <span class='ocr_line' id='line_1_5' title="bbox 279 1047 1070 1118; baseline -0.013 -9"><span class='ocrx_word' id='word_1_13' title='bbox 279 1056 364 1109; x_wconf 90' lang='lat' dir='ltr'>Dum</span> <span class='ocrx_word' id='word_1_14' title='bbox 382 1054 501 1118; x_wconf 78' lang='lat' dir='ltr'>dubim,</span> <span class='ocrx_word' id='word_1_15' title='bbox 519 1052 652 1105; x_wconf 88' lang='lat' dir='ltr'>noudum</span> <span class='ocrx_word' id='word_1_16' title='bbox 672 1060 716 1108; x_wconf 81' lang='lat' dir='ltr'>est</span> <span class='ocrx_word' id='word_1_17' title='bbox 734 1068 782 1103; x_wconf 86' lang='lat' dir='ltr'>res</span> <span class='ocrx_word' id='word_1_18' title='bbox 803 1051 880 1103; x_wconf 79' lang='lat' dir='ltr'>bene</span> <span class='ocrx_word' id='word_1_19' title='bbox 898 1058 968 1102; x_wconf 89' lang='lat' dir='ltr'>nota</span> <span class='ocrx_word' id='word_1_20' title='bbox 986 1047 1070 1100; x_wconf 87' lang='lat' dir='ltr'>mihi.</span> 
     </span>
     <span class='ocr_line' id='line_1_6' title="bbox 214 1144 931 1220; baseline -0.01 -18"><span class='ocrx_word' id='word_1_21' title='bbox 214 1148 313 1220; x_wconf 89' lang='lat' dir='ltr'>Siquid</span> <span class='ocrx_word' id='word_1_22' title='bbox 332 1146 464 1200; x_wconf 77' lang='lat' dir='ltr'>amicitiae</span> <span class='ocrx_word' id='word_1_23' title='bbox 483 1159 604 1198; x_wconf 85' lang='lat' dir='ltr'>mecum</span> <span class='ocrx_word' id='word_1_24' title='bbox 623 1144 812 1211; x_wconf 79' lang='lat' dir='ltr'>congesseris</span> <span class='ocrx_word' id='word_1_25' title='bbox 836 1144 931 1207; x_wconf 86' lang='lat' dir='ltr'>istuc,</span> 
     </span>
     <span class='ocr_line' id='line_1_7' title="bbox 279 1235 1013 1311; baseline -0.005 -18"><span class='ocrx_word' id='word_1_26' title='bbox 279 1238 352 1294; x_wconf 88' lang='lat' dir='ltr'>Non</span> <span class='ocrx_word' id='word_1_27' title='bbox 371 1238 507 1311; x_wconf 85' lang='lat' dir='ltr'>equidem</span> <span class='ocrx_word' id='word_1_28' title='bbox 525 1236 639 1305; x_wconf 81' lang='lat' dir='ltr'>major,</span> <span class='ocrx_word' id='word_1_29' title='bbox 659 1237 711 1289; x_wconf 89' lang='lat' dir='ltr'>scd</span> <span class='ocrx_word' id='word_1_30' title='bbox 729 1253 813 1304; x_wconf 80' lang='lat' dir='ltr'>mage</span> <span class='ocrx_word' id='word_1_31' title='bbox 834 1245 923 1296; x_wconf 82' lang='lat' dir='ltr'>notus</span> <span class='ocrx_word' id='word_1_32' title='bbox 944 1235 1013 1292; x_wconf 71' lang='lat' dir='ltr'>cels,</span> 
     </span>
    </p>
   </div>
   <div class='ocr_carea' id='block_1_5' title="bbox 516 1511 930 1723">
    <p class='ocr_par' dir='ltr' id='par_1_5' title="bbox 516 1511 930 1723">
     <span class='ocr_line' id='line_1_8' title="bbox 679 1511 762 1568; baseline -0.024 0"><span class='ocrx_word' id='word_1_33' title='bbox 679 1511 762 1568; x_wconf 85' lang='lat' dir='ltr'><strong>XIII.</strong></span> 
     </span>
     <span class='ocr_line' id='line_1_9' title="bbox 516 1648 930 1723; baseline 0 -18"><span class='ocrx_word' id='word_1_34' title='bbox 516 1649 571 1705; x_wconf 77' lang='lat' dir='ltr'>Ad</span> <span class='ocrx_word' id='word_1_35' title='bbox 587 1651 744 1705; x_wconf 81' lang='lat' dir='ltr'>Joannem</span> <span class='ocrx_word' id='word_1_36' title='bbox 760 1648 930 1723; x_wconf 79' lang='lat' dir='ltr'>Loberinq.</span> 
     </span>
    </p>
   </div>
   <div class='ocr_carea' id='block_1_6' title="bbox 211 1872 1098 2228">
    <p class='ocr_par' dir='ltr' id='par_1_6' title="bbox 211 1872 1098 2228">
     <span class='ocr_line' id='line_1_10' title="bbox 211 1872 975 1944; baseline -0.001 -14"><span class='ocrx_word' id='word_1_37' title='bbox 211 1872 366 1932; x_wconf 81' lang='lat' dir='ltr'>Maximus</span> <span class='ocrx_word' id='word_1_38' title='bbox 385 1886 505 1944; x_wconf 84' lang='lat' dir='ltr'>orator,</span> <span class='ocrx_word' id='word_1_39' title='bbox 525 1893 683 1932; x_wconf 83' lang='lat' dir='ltr'>causarum</span> <span class='ocrx_word' id='word_1_40' title='bbox 703 1879 852 1932; x_wconf 85' lang='lat' dir='ltr'>maximus</span> <span class='ocrx_word' id='word_1_41' title='bbox 871 1885 975 1942; x_wconf 84' lang='lat' dir='ltr'>actor,</span> 
     </span>
     <span class='ocr_line' id='line_1_11' title="bbox 278 1968 1098 2042; baseline -0.002 -20"><span class='ocrx_word' id='word_1_42' title='bbox 278 1969 317 2022; x_wconf 87' lang='lat' dir='ltr'>Et</span> <span class='ocrx_word' id='word_1_43' title='bbox 335 1970 475 2040; x_wconf 87' lang='lat' dir='ltr'>quidquid</span> <span class='ocrx_word' id='word_1_44' title='bbox 493 1971 606 2042; x_wconf 73' lang='lat' dir='ltr'>sophiae</span> <span class='ocrx_word' id='word_1_45' title='bbox 626 1981 688 2038; x_wconf 75' lang='lat' dir='ltr'>esi,</span> <span class='ocrx_word' id='word_1_46' title='bbox 704 1972 768 2024; x_wconf 87' lang='lat' dir='ltr'>hoc</span> <span class='ocrx_word' id='word_1_47' title='bbox 788 1970 977 2037; x_wconf 82' lang='lat' dir='ltr'>Lobcringus</span> <span class='ocrx_word' id='word_1_48' title='bbox 998 1968 1098 2022; x_wconf 84' lang='lat' dir='ltr'>haber.</span> 
     </span>
     <span class='ocr_line' id='line_1_12' title="bbox 212 2061 1060 2135; baseline -0.002 -21"><span class='ocrx_word' id='word_1_49' title='bbox 212 2061 269 2114; x_wconf 88' lang='lat' dir='ltr'>Seu</span> <span class='ocrx_word' id='word_1_50' title='bbox 287 2078 395 2131; x_wconf 83' lang='lat' dir='ltr'>poscas</span> <span class='ocrx_word' id='word_1_51' title='bbox 415 2079 553 2131; x_wconf 84' lang='lat' dir='ltr'>carmen,</span> <span class='ocrx_word' id='word_1_52' title='bbox 573 2081 627 2117; x_wconf 80' lang='lat' dir='ltr'>seu</span> <span class='ocrx_word' id='word_1_53' title='bbox 644 2063 805 2135; x_wconf 84' lang='lat' dir='ltr'>quidquam</span> <span class='ocrx_word' id='word_1_54' title='bbox 828 2065 893 2131; x_wconf 80' lang='lat' dir='ltr'>lege</span> <span class='ocrx_word' id='word_1_55' title='bbox 912 2063 1060 2125; x_wconf 86' lang='lat' dir='ltr'>solutum,</span> 
     </span>
     <span class='ocr_line' id='line_1_13' title="bbox 280 2153 847 2228; baseline 0.009 -22"><span class='ocrx_word' id='word_1_56' title='bbox 280 2153 387 2207; x_wconf 79' lang='lat' dir='ltr'>Omnia</span> <span class='ocrx_word' id='word_1_57' title='bbox 407 2155 534 2210; x_wconf 82' lang='lat' dir='ltr'>fecundo</span> <span class='ocrx_word' id='word_1_58' title='bbox 554 2155 670 2225; x_wconf 86' lang='lat' dir='ltr'>perficit</span> <span class='ocrx_word' id='word_1_59' title='bbox 691 2158 740 2210; x_wconf 90' lang='lat' dir='ltr'>ille</span> <span class='ocrx_word' id='word_1_60' title='bbox 758 2158 847 2228; x_wconf 82' lang='lat' dir='ltr'>stylo.</span> 
     </span>
    </p>
   </div>
   <div class='ocr_carea' id='block_1_7' title="bbox 678 2433 757 2490">
    <p class='ocr_par' dir='ltr' id='par_1_7' title="bbox 678 2433 757 2490">
     <span class='ocr_line' id='line_1_14' title="bbox 678 2433 757 2490; baseline -0.013 -1"><span class='ocrx_word' id='word_1_61' title='bbox 678 2433 757 2490; x_wconf 90' lang='lat' dir='ltr'><strong>XIV.</strong></span> 
     </span>
    </p>
   </div>
   <div class='ocr_carea' id='block_1_8' title="bbox 453 2569 980 2737">
    <p class='ocr_par' dir='ltr' id='par_1_8' title="bbox 453 2569 980 2737">
     <span class='ocr_line' id='line_1_15' title="bbox 453 2569 980 2646; baseline 0.004 -23"><span class='ocrx_word' id='word_1_62' title='bbox 453 2570 575 2625; x_wconf 77' lang='lat' dir='ltr'>Joanni</span> <span class='ocrx_word' id='word_1_63' title='bbox 592 2569 814 2646; x_wconf 60' lang='lat' dir='ltr'>Sonumhwq,</span> <span class='ocrx_word' id='word_1_64' title='bbox 843 2572 980 2626; x_wconf 83' lang='lat' dir='ltr'>Franco.</span> 
     </span>
     <span class='ocr_line' id='line_1_16' title="bbox 622 2712 846 2737; baseline 0 -13"><span class='ocrx_word' id='word_1_65' title='bbox 622 2712 846 2737; x_wconf 71' lang='grc'>...-,-....</span> 
     </span>
    </p>
   </div>
   <div class='ocr_carea' id='block_1_9' title="bbox 211 2793 1067 3126">
    <p class='ocr_par' dir='ltr' id='par_1_9' title="bbox 211 2793 1067 2956">
     <span class='ocr_line' id='line_1_17' title="bbox 211 2793 1067 2864; baseline 0.002 -19"><span class='ocrx_word' id='word_1_66' title='bbox 211 2793 294 2847; x_wconf 79' lang='lat' dir='ltr'>Adde</span> <span class='ocrx_word' id='word_1_67' title='bbox 316 2795 406 2848; x_wconf 84' lang='lat' dir='ltr'>decus</span> <span class='ocrx_word' id='word_1_68' title='bbox 424 2799 535 2852; x_wconf 83' lang='lat' dir='ltr'>nostris</span> <span class='ocrx_word' id='word_1_69' title='bbox 545 2837 553 2864; x_wconf 92' lang='lat'><strong><em>,</em></strong></span> <span class='ocrx_word' id='word_1_70' title='bbox 571 2798 757 2851; x_wconf 85' lang='lat' dir='ltr'>Francorum</span> <span class='ocrx_word' id='word_1_71' title='bbox 775 2805 873 2859; x_wconf 81' lang='lat' dir='ltr'>terra,</span> <span class='ocrx_word' id='word_1_72' title='bbox 893 2794 1067 2864; x_wconf 61' lang='lat' dir='ltr'>triumphu,</span> 
     </span>
     <span class='ocr_line' id='line_1_18' title="bbox 277 2885 961 2956; baseline -0.001 -18"><span class='ocrx_word' id='word_1_73' title='bbox 277 2887 361 2939; x_wconf 84' lang='lat' dir='ltr'>Adde</span> <span class='ocrx_word' id='word_1_74' title='bbox 380 2888 475 2942; x_wconf 88' lang='lat' dir='ltr'>virum</span> <span class='ocrx_word' id='word_1_75' title='bbox 493 2889 615 2956; x_wconf 78' lang='lat' dir='ltr'>Musio,</span> <span class='ocrx_word' id='word_1_76' title='bbox 634 2887 811 2956; x_wconf 85' lang='lat' dir='ltr'>ingenioque</span> <span class='ocrx_word' id='word_1_77' title='bbox 830 2885 961 2937; x_wconf 90' lang='lat' dir='ltr'>bonum!</span> 
     </span>
    </p>

    <p class='ocr_par' dir='ltr' id='par_1_10' title="bbox 212 2974 971 3126">
     <span class='ocr_line' id='line_1_19' title="bbox 212 2974 962 3047; baseline 0.003 -19"><span class='ocrx_word' id='word_1_78' title='bbox 212 2974 265 3030; x_wconf 94' lang='lat' dir='ltr'>Ille</span> <span class='ocrx_word' id='word_1_79' title='bbox 284 2979 367 3032; x_wconf 86' lang='lat' dir='ltr'>fovet</span> <span class='ocrx_word' id='word_1_80' title='bbox 385 2996 506 3047; x_wconf 82' lang='lat' dir='ltr'>sacros,</span> <span class='ocrx_word' id='word_1_81' title='bbox 526 2981 576 3033; x_wconf 90' lang='lat' dir='ltr'>illc</span> <span class='ocrx_word' id='word_1_82' title='bbox 595 2979 685 3032; x_wconf 83' lang='lat' dir='ltr'>ambit</span> <span class='ocrx_word' id='word_1_83' title='bbox 700 2978 819 3032; x_wconf 89' lang='lat' dir='ltr'>honore</span> <span class='ocrx_word' id='word_1_84' title='bbox 839 2985 962 3046; x_wconf 59' lang='lat' dir='ltr'>poetro,</span> 
     </span>
     <span class='ocr_line' id='line_1_20' title="bbox 279 3069 971 3126; baseline -0.004 -1"><span class='ocrx_word' id='word_1_85' title='bbox 279 3070 351 3125; x_wconf 85' lang='lat' dir='ltr'>Non</span> <span class='ocrx_word' id='word_1_86' title='bbox 370 3072 478 3126; x_wconf 90' lang='lat' dir='ltr'>mirum</span> <span class='ocrx_word' id='word_1_87' title='bbox 502 3081 546 3126; x_wconf 85' lang='lat' dir='ltr'>est</span> <span class='ocrx_word' id='word_1_88' title='bbox 564 3080 661 3126; x_wconf 82' lang='lat' dir='ltr'>vatem</span> <span class='ocrx_word' id='word_1_89' title='bbox 679 3071 753 3125; x_wconf 84' lang='lat' dir='ltr'><strong>vatIs</strong></span> <span class='ocrx_word' id='word_1_90' title='bbox 773 3071 866 3124; x_wconf 83' lang='lat' dir='ltr'>amori</span> <span class='ocrx_word' id='word_1_91' title='bbox 885 3069 971 3124; x_wconf 84' lang='lat' dir='ltr'>trahi.</span> 
     </span>
    </p>
   </div>
   <div class='ocr_carea' id='block_1_10' title="bbox 398 3350 1090 3561">
    <p class='ocr_par' dir='ltr' id='par_1_11' title="bbox 398 3350 1090 3561">
     <span class='ocr_line' id='line_1_21' title="bbox 687 3350 751 3408; baseline 0.016 -2"><span class='ocrx_word' id='word_1_92' title='bbox 687 3350 751 3408; x_wconf 87' lang='lat' dir='ltr'>XV.</span> 
     </span>
     <span class='ocr_line' id='line_1_22' title="bbox 398 3483 1090 3561; baseline 0 -21"><span class='ocrx_word' id='word_1_93' title='bbox 398 3488 452 3540; x_wconf 87' lang='lat' dir='ltr'>Ad</span> <span class='ocrx_word' id='word_1_94' title='bbox 466 3487 620 3542; x_wconf 83' lang='lat' dir='ltr'>Jodocum</span> <span class='ocrx_word' id='word_1_95' title='bbox 641 3489 779 3561; x_wconf 72' lang='lat' dir='ltr'>Staqen,</span> <span class='ocrx_word' id='word_1_96' title='bbox 796 3484 1031 3556; x_wconf 78' lang='lat' dir='ltr'>Philosophum·</span> <span class='ocrx_word' id='word_1_97' title='bbox 1087 3483 1090 3487; x_wconf 69' lang='grc'><strong><em>’</em></strong></span> 
     </span>
    </p>
   </div>
   <div class='ocr_carea' id='block_1_11' title="bbox 214 3711 1117 4063">
    <p class='ocr_par' dir='ltr' id='par_1_12' title="bbox 214 3711 1117 4063">
     <span class='ocr_line' id='line_1_23' title="bbox 214 3711 1065 3784; baseline 0 -17"><span class='ocrx_word' id='word_1_98' title='bbox 214 3711 299 3767; x_wconf 88' lang='lat' dir='ltr'>Pone</span> <span class='ocrx_word' id='word_1_99' title='bbox 321 3713 422 3767; x_wconf 89' lang='lat' dir='ltr'>odium</span> <span class='ocrx_word' id='word_1_100' title='bbox 440 3714 557 3782; x_wconf 85' lang='lat' dir='ltr'>Lossii,</span> <span class='ocrx_word' id='word_1_101' title='bbox 577 3733 655 3784; x_wconf 85' lang='lat' dir='ltr'>poue</span> <span class='ocrx_word' id='word_1_102' title='bbox 677 3731 781 3771; x_wconf 88' lang='lat' dir='ltr'>omues</span> <span class='ocrx_word' id='word_1_103' title='bbox 799 3713 907 3779; x_wconf 84' lang='lat' dir='ltr'>Musa,</span> <span class='ocrx_word' id='word_1_104' title='bbox 927 3714 1065 3779; x_wconf 84' lang='lat' dir='ltr'>dolores,</span> 
     </span>
     <span class='ocr_line' id='line_1_24' title="bbox 263 3790 1101 3876; baseline -0.002 -17"><span class='ocrx_word' id='word_1_105' title='bbox 263 3790 265 3794; x_wconf 16' lang='lat' dir='ltr'>V</span> <span class='ocrx_word' id='word_1_106' title='bbox 283 3807 336 3859; x_wconf 89' lang='lat' dir='ltr'>Vir</span> <span class='ocrx_word' id='word_1_107' title='bbox 354 3804 405 3857; x_wconf 85' lang='lat' dir='ltr'>tibi</span> <span class='ocrx_word' id='word_1_108' title='bbox 425 3806 585 3860; x_wconf 84' lang='lat' dir='ltr'>laudandus</span> <span class='ocrx_word' id='word_1_109' title='bbox 604 3808 718 3876; x_wconf 80' lang='lat' dir='ltr'>lingua,</span> <span class='ocrx_word' id='word_1_110' title='bbox 737 3809 893 3875; x_wconf 79' lang='lat' dir='ltr'>anImoque</span> <span class='ocrx_word' id='word_1_111' title='bbox 911 3805 1005 3861; x_wconf 85' lang='lat' dir='ltr'>venit:</span> <span class='ocrx_word' id='word_1_112' title='bbox 1089 3838 1101 3857; x_wconf 86' lang='lat'><strong>.</strong></span> 
     </span>
     <span class='ocr_line' id='line_1_25' title="bbox 214 3897 1117 3970; baseline 0.004 -21"><span class='ocrx_word' id='word_1_113' title='bbox 214 3897 291 3954; x_wconf 89' lang='lat' dir='ltr'>Huic</span> <span class='ocrx_word' id='word_1_114' title='bbox 311 3897 451 3966; x_wconf 80' lang='lat' dir='ltr'>quonium</span> <span class='ocrx_word' id='word_1_115' title='bbox 474 3899 584 3965; x_wconf 78' lang='lat' dir='ltr'>virtus,</span> <span class='ocrx_word' id='word_1_116' title='bbox 608 3900 748 3970; x_wconf 79' lang='lat' dir='ltr'>quoniam</span> <span class='ocrx_word' id='word_1_117' title='bbox 768 3897 901 3954; x_wconf 75' lang='lat' dir='ltr'>facundia</span> <span class='ocrx_word' id='word_1_118' title='bbox 923 3910 1030 3966; x_wconf 86' lang='lat' dir='ltr'>praesto</span> <span class='ocrx_word' id='word_1_119' title='bbox 1056 3910 1117 3964; x_wconf 78' lang='lat' dir='ltr'>cst,</span> 
     </span>
     <span class='ocr_line' id='line_1_26' title="bbox 281 3988 934 4063; baseline 0.002 -21"><span class='ocrx_word' id='word_1_120' title='bbox 281 3988 350 4042; x_wconf 86' lang='lat' dir='ltr'>Rite</span> <span class='ocrx_word' id='word_1_121' title='bbox 370 3988 480 4041; x_wconf 88' lang='lat' dir='ltr'>docere</span> <span class='ocrx_word' id='word_1_122' title='bbox 500 3991 593 4058; x_wconf 83' lang='lat' dir='ltr'>deus,</span> <span class='ocrx_word' id='word_1_123' title='bbox 612 3992 666 4050; x_wconf 78' lang='lat' dir='ltr'>rite</span> <span class='ocrx_word' id='word_1_124' title='bbox 686 3993 827 4063; x_wconf 36' lang='lat' dir='ltr'>onquque</span> <span class='ocrx_word' id='word_1_125' title='bbox 846 3990 934 4044; x_wconf 85' lang='lat' dir='ltr'>dedit.</span> 
     </span>
    </p>
   </div>
   <div class='ocr_carea' id='block_1_12' title="bbox 0 0 1331 4634">
    <p class='ocr_par' dir='ltr' id='par_1_13' title="bbox 0 0 1331 4634">
     <span class='ocr_line' id='line_1_27' title="bbox 0 0 1331 4634; baseline 0 0"><span class='ocrx_word' id='word_1_126' title='bbox 0 0 1331 4634; x_wconf 95' lang='lat' dir='ltr'> </span> 
     </span>
    </p>
   </div>
  </div>
 </body>
</html>
