2640 4634
538 351 638 448 Eleg.
672 351 717 424 Π.
746 407 749 412 .

125 543 200 598 Cum
218 543 345 596 molirer
363 545 418 597 iter
436 555 630 616 susceptum,
649 556 734 617 atque
755 563 823 600 arva
847 556 990 614 tenerem,

190 636 300 691 Emisit
320 639 445 692 comites
464 638 592 707 perfidus
615 639 664 692 ille
683 655 766 694 suos.

123 730 212 784 Forte
234 729 288 781 fuit
301 731 387 798 juxta
402 732 511 784 vsalices
529 748 567 784 cx
586 734 690 786 ordine
708 741 790 786 natas

190 825 256 877 Alta
279 825 361 894 palus
381 827 456 878 duro
479 827 579 895 pervia
598 827 675 878 sacta
692 828 778 894 gelu:

123 918 185 971 Hac
206 917 305 982 ibam,
323 916 501 988 timidusque
519 918 612 986 nihil,
632 928 771 990 tutusque
789 921 904 988 farore,

190 1012 230 1064 Ut
248 1020 381 1080 peterem
401 1012 480 1065 docti
498 1012 602 1066 monia
619 1013 792 1079 Rostochii,
827 1084 831 1089 ᾖ

123 1103 312 1174 Erumpunt,
331 1103 490 1174 subitoque
509 1106 564 1158 viri
588 1104 711 1159 crudele
729 1105 889 1171 minantur,

190 1197 230 1250 Ni
246 1197 353 1250 faciam
370 1213 498 1267 parvas,
520 1199 618 1250 omnia
637 1199 753 1264 dand0,
771 1214 884 1251 moras.

122 1289 232 1354 Oravi,
251 1289 372 1358 fudiquc
390 1305 497 1359 preces
516 1291 688 1346 crudelibus
706 1291 780 1358 istis,

189 1382 257 1436 Nec
276 1382 378 1451 puduit
397 1382 495 1436 tristes
515 1383 727 1452 complicuisse
746 1400 861 1441 manus.

122 1473 341 1544 Restabamque
364 1475 453 1540 nihil,
470 1492 569 1546 neque
592 1477 671 1529 enim
689 1485 801 1530 restare
820 1477 968 1538 valebam.
1061 1531 1063 1536 .

188 1566 362 1637 Effetusque
381 1568 477 1634 febri,
496 1569 677 1638 vulneraque
695 1569 743 1622 illa
761 1586 878 1637 gerens.

122 1659 245 1727 Oranti,
264 1660 313 1730 qui
331 1661 445 1731 primus
465 1671 548 1727 erat,
565 1661 768 1731 morbumque
788 1664 933 1732 querenti,

190 1753 254 1818 „Ne
274 1753 389 1819 dubita,
408 1761 509 1807 tecum
521 1753 584 1820 jam
603 1753 702 1819 bene,
726 1754 819 1820 dixit,
843 1756 928 1808 erit.“

121 1845 318 1915 Detraxitquc
336 1847 465 1899 humero
484 1854 583 1898 vestes
594 1864 603 1913 3
624 1858 683 1913 ego*
699 1847 825 1915 plurima
845 1848 963 1914 flebam,

188 1936 226 1990 Et
244 1938 315 1990 duxi
333 1947 434 1991 oratos
453 1938 482 1989 in
500 1937 546 2007 pia
564 1946 633 1990 vota
649 1939 747 1995 Deos,
843 1964 847 1974 ·

122 2029 232 2084 Tendit
249 2031 279 2082 in
300 2030 457 2082 adversum
476 2031 563 2098 longa
581 2030 629 2084 ille
646 2031 766 2085 hostilia
784 2042 904 2102 pecuda,

188 2125 286 2192 Atque
306 2123 363 2176 ait:
383 2123 458 2194 Hic,
476 2133 574 2178 taceas
593 2124 627 2175 ni
640 2125 753 2192 modo,
773 2121 881 2180 vulnus
903 2126 967 2185 erit.

121 2215 258 2286 Deposui
279 2225 400 2284 raptos,
419 2217 580 2269 humerum
597 2216 741 2284 nudatus,
760 2219 901 2285 amictu‘s,

190 2309 303 2362 Caetera
322 2309 459 2362 crudeles
485 2309 621 2379 eripuere
639 2310 705 2366 viri.
791 2373 796 2380 ³

120 2400 216 2457 Parva
234 2401 307 2467 fuit,
326 2401 454 2454 modicis
473 2402 510 2454 ita
531 2410 602 2455 tunc
621 2411 776 2472 compacta
794 2404 922 2471 libellis,

188 2494 306 2547 Sarcina
326 2496 362 2547 de
380 2503 502 2549 nostros
521 2496 626 2549 fertilis
650 2496 787 2563 ingenio:

120 2585 204 2637 Hanc
220 2586 300 2638 tenui
320 2587 441 2651 saltem,
459 2603 547 2653 nam,
570 2604 626 2657 qua
647 2587 792 2638 ditescere
813 2596 955 2660 possent,

187 2677 257 2731 Non
277 2694 457 2748 quamquam
476 2678 610 2748 cupidis,
631 2678 678 2731 illa
698 2678 798 2747 rapina
821 2679 885 2731 fuit.

121 2772 320 2842 Testatusque
338 2773 444 2827 Deos:
465 2790 533 2826 curn
552 2773 592 2825 nil
614 2773 677 2825 fera
698 2771 788 2824 corda
808 2787 983 2836 moverem,

188 2863 283 2934 Rapta
303 2874 347 2918 est
366 2882 403 2918 ex
421 2866 559 2919 manibus
577 2865 692 2920 sarcina
710 2873 788 2918 tenta
807 2865 893 2917 meis.

119 2945 239 3010 Nudato
260 2957 379 3011 illusere
397 2959 475 3027 viri,
493 2959 662 3030 pariterque
681 2959 833 3012 ferebant:

188 3049 219 3117 „1
237 3067 318 3103 nunc
337 3060 365 3104 et
382 3051 482 3118 magni
500 3053 622 3105 nomina
639 3053 720 3106 Vatis
737 3052 836 3104 habe!

119 3140 210 3195 Forte
228 3159 321 3196 novas
340 3142 464 3212 aliquis,
482 3145 574 3196 modo
594 3145 796 3197 decantaveris
817 3142 875 3208 illi,

94 3290 98 3296 ,
122 3239 125 3243 ’
186 3233 321 3288 Donabit
338 3243 458 3302 vestes,
478 3235 615 3304 nudaque
634 3235 772 3289 membra
795 3233 904 3301 teget&

119 3324 218 3393 Atque
236 3325 273 3378 ita
292 3323 446 3394 ridebant,
467 3344 539 3394 ego,
561 3344 649 3397 quam
668 3345 722 3397 per
740 3327 851 3394 frigora
870 3337 1011 3394 possem.

189 3419 358 3486 Aggredior
375 3428 503 3490 coeptam
523 3421 698 3474 continuare
722 3419 810 3472 viam.

123 3505 239 3578 Quanta
257 3511 366 3565 dehinc
383 3527 489 3583 passus
509 3513 640 3579 fuerim,
660 3512 727 3582 quia
746 3512 837 3564 multa
857 3509 1011 3575 ferebam,

162 3621 164 3629 ’
186 3602 259 3656 Non
277 3605 384 3673 patitur
405 3607 495 3658 durus
516 3604 761 3658 commeminisse
781 3604 878 3656 dolor.

121 3695 239 3748 Summa
258 3705 356 3752 tamen
374 3707 508 3769 pateant:
528 3699 565 3752 ita
583 3697 664 3764 vixi,
683 3706 714 3749 ut
731 3697 833 3752 vivere
851 3696 982 3759 nollem,

143 3807 145 3813 ·
187 3788 226 3841 Et
244 3789 341 3842 visum
361 3800 405 3844 est
422 3792 509 3845 tantis
526 3792 588 3845 hoc
609 3807 751 3860 superare
770 3789 864 3845 malis.

38 3896 41 3901 ·
118 3878 252 3934 Morbus
273 3882 368 3937 adhuc
386 3901 506 3939 mecum
527 3892 588 3950 est,
609 3892 637 3936 ct
658 3900 691 3936 ea
709 3883 875 3936 valetudine
894 3881 1029 3950 plector,

98 3981 101 3986 “
188 3973 262 4045 Quae
279 3981 351 4028 tunc
370 3986 414 4030 est
431 3977 529 4030 nimiis
549 3975 666 4028 concita
685 3975 859 4044 frigoribus.
