2640 4634
554 393 655 490 aug.
681 394 727 465 x.

145 589 262 663 Quique
282 587 338 655 agit
356 586 384 639 in
403 586 504 639 studiis
522 586 599 638 miro
621 587 789 642 Temonius
814 588 870 644 illia

207 675 327 745 Marte,
357 697 414 732 nec
438 690 482 732 est
500 679 548 731 vili
568 680 705 747 praeditus
726 681 854 747 iugenio.

140 771 283 829 Passibus
300 772 372 826 hinc
393 772 520 840 aliquot,
547 770 641 842 spatio
664 772 816 839 sejunctus
838 772 938 842 iniquo
949 800 960 840 5

207 865 412 934 Tranquillam
431 864 519 916 vitam
539 865 648 916 ducere
666 864 774 933 Rufus
797 875 888 931 amat,

139 959 206 1030 Ipse
226 957 270 1012 sui
290 966 388 1022 totus,
419 959 470 1009 sed
491 956 568 1009 euim
588 969 644 1008 nec
664 959 771 1010 cedera
790 960 928 1030 cuiquam

208 1053 322 1120 Aptae,
351 1059 383 1101 ut
402 1065 440 1101 ex
459 1049 564 1117 quovis
585 1050 703 1118 praemia
721 1051 933 1120 Martepctas.

141 1144 277 1199 Consulit
302 1142 383 1196 hunc
402 1142 530 1205 Cretas,
559 1142 777 1212 doctoremque
805 1145 883 1212 eligit
907 1146 1036 1212 HessuS,

206 1237 277 1290 Non
297 1235 368 1287 nihil
388 1244 415 1287 et
434 1234 541 1286 crebre
561 1235 674 1302 profuit
693 1236 740 1288 ille
759 1236 842 1290 mihi.

139 1328 324 1384 Francorum
341 1328 376 1379 ad
394 1323 467 1380 fines
486 1327 568 1380 miris
587 1327 783 1382 Trithemius
805 1329 904 1382 Abbas

185 1486 188 1492 ι
206 1420 329 1472 Artibus
355 1419 588 1474 infaminomen
612 1421 719 1473 ademit
737 1421 842 1476 hume.

141 1513 216 1566 Hinc
237 1529 324 1580 grave
346 1529 399 1581 pcr
424 1521 542 1564 montes
564 1523 595 1565 et
613 1516 718 1570 densas
737 1518 867 1587 undique
886 1517 975 1571 silvas

208 1604 264 1658 Est
281 1604 336 1657 iter
358 1605 387 1656 in
406 1605 517 1670 saltus,
547 1605 653 1674 Fagina
672 1610 762 1676 dura,
791 1619 870 1662 tuos.

142 1699 212 1752 Haec
232 1697 316 1750 ctiam
336 1698 440 1762 tellus,
469 1706 641 1752 nostrarum
661 1701 782 1754 conscia
809 1716 928 1771 rerum,

208 1791 331 1844 Nomen
356 1791 385 1843 iu
402 1790 506 1842 Aoniae
524 1806 649 1844 munere
676 1794 766 1847 sortis
792 1794 892 1848 habet.

143 1883 216 1950 Hic,
245 1882 295 1936 ubi
315 1899 346 1936 se
367 1882 455 1936 Titan
476 1883 511 1934 ab
530 1882 604 1954 Eois
625 1885 709 1952 erigit
730 1887 837 1954 undis,

208 1977 328 2028 Doctus
345 1975 437 2028 habet
454 1975 553 2044 patriae
575 1993 643 2030 rura
666 1979 785 2048 Capella
806 1997 876 2036 suas.

143 2067 220 2123 Vivit
239 2070 273 2122 ad
294 2069 439 2122 occiduos
458 2067 584 2143 Phoebei
605 2071 724 2125 luminis
744 2073 825 2140 ignes

210 2163 331 2232 Hopfo‚
363 2179 432 2232 pars
451 2163 572 2230 animae,
600 2174 630 2217 tu
649 2165 845 2233 Philomusc‚
874 2174 942 2219 tua.

143 2253 318 2323 Faginased
337 2273 393 2325 qua
412 2272 444 2309 se
462 2256 549 2310 tellus
570 2257 694 2312 demittit
714 2261 748 2312 ad
771 2269 921 2328 austrum,

211 2347 316 2401 Exulis
336 2348 455 2402 Hutteni
474 2350 546 2402 vivit
562 2359 689 2421 uterque
710 2349 841 2423 parens.-

144 2441 280 2495 Invenics
300 2442 407 2495 fratros
428 2451 457 2494 et
475 2443 577 2495 forsan
596 2453 752 2514 utramque
771 2461 929 2514 sororem,

212 2527 302 2586 Stabit
322 2543 351 2586 ct
371 2542 436 2585 ante
456 2535 564 2586 oculos
584 2537 672 2588 turba
693 2537 859 2605 propinqua
883 2513 960 2589 tuos.

146 2626 212 2679 Hoc
229 2626 282 2680 tibi
300 2624 472 2678 mandatum
492 2626 612 2679 secluso
633 2629 660 2679 in
682 2637 805 2696 pectore
830 2644 933 2694 serva,

211 2719 258 2774 Ne
278 2719 438 2789 quidquam
462 2717 490 2771 in
510 2735 598 2772 causa
617 2720 726 2773 resciat
746 2719 793 2771 illa
812 2736 890 2773 mea.

147 2811 237 2884 Quod
256 2813 369 2865 valeam
390 2811 568 2879 incolumis,
597 2814 678 2883 quod
695 2813 807 2865 habent
824 2812 902 2865 bene
922 2819 1038 2880 cetera,
1066 2812 1158 2877 dices,

212 2903 295 2956 Dum
314 2906 429 2958 salvere
448 2923 517 2972 meo
537 2907 660 2959 nominc
679 2923 829 2976 quemque
845 2905 946 2975 jubes.
963 2962 966 2966 ,

145 2995 242 3050 Multa
261 2998 343 3048 volet
361 3005 473 3062 mater,
492 3001 543 3051 scd
564 3008 612 3064 tu,
638 2999 709 3069 quid
726 2999 854 3052 Lossius
872 2996 968 3050 hostis

213 3086 333 3152 Egerit,
363 3097 394 3138 ut
414 3088 524 3141 crebro
545 3089 717 3155 sollicitata,
748 3100 824 3143 tace.

144 3177 252 3235 Audiat
272 3177 317 3229 illa
336 3174 438 3244 nefas,
471 3180 606 3235 defectos
628 3182 744 3233 decidet
765 3190 863 3246 artus,

215 3267 253 3322 lle
272 3270 399 3336 gelidum
418 3270 530 3340 absque
550 3272 631 3323 omni
654 3271 795 3337 sanguine
814 3279 919 3340 pectus
939 3267 1003 3321 erit.

148 3366 227 3419 Cura
245 3361 315 3414 mihi
337 3371 398 3428 est,
429 3364 505 3415 male
524 3379 562 3430 ne
580 3373 703 3416 nostros
725 3363 800 3416 ferat
818 3360 865 3414 illa
884 3361 1020 3426 labores,

215 3456 302 3509 Neve
326 3455 364 3507 illi
384 3473 462 3508 nova
481 3455 536 3508 sim
557 3472 645 3508 causa
664 3454 778 3508 doloris
800 3472 866 3521 eg0.

148 3546 270 3604 Nesciat
287 3548 348 3600 hoc
366 3548 499 3615 genitor,
526 3547 645 3616 juvenis
667 3564 787 3618 quoque
805 3546 934 3611 nesciat,
957 3544 1010 3598 Μ’

216 3641 352 3694 Maxima
371 3641 419 3709 qui
443 3649 512 3709 post
529 3657 577 3692 me
597 3650 732 3708 tempora
753 3641 844 3693 frater
861 3636 961 3712 habet.

152 3732 320 3789 Transieris
340 3733 513 3802 tristemque
533 3740 647 3802 patrem
665 3741 806 3800 vatesque
825 3732 953 3804 relatos,

219 3827 343 3879 Vertere
365 3829 399 3880 ad
416 3828 548 3879 Arctoos
568 3825 700 3878 officiosa
722 3823 820 3892 polos.

152 3918 237 3973 Salve
258 3917 311 3970 lida
332 3920 459 3985 domus,
489 3933 645 3971 sacrorum
664 3916 756 3970 Fulda
774 3924 912 3992 tuorum,

220 4009 269 4063 De
289 4019 316 4061 te
335 4019 496 4079 praesentes
516 4007 670 4064 testificata
689 4009 780 4076 deos;
