<?xml version="1.0" encoding="UTF-8"?>
<!DOCTYPE html PUBLIC "-//W3C//DTD XHTML 1.0 Transitional//EN"
    "http://www.w3.org/TR/xhtml1/DTD/xhtml1-transitional.dtd">
<html xmlns="http://www.w3.org/1999/xhtml" xml:lang="en" lang="en">
 <head>
  <title>
</title>
<meta http-equiv="Content-Type" content="text/html;charset=utf-8" />
  <meta name='ocr-system' content='tesseract 3.04.00' />
  <meta name='ocr-capabilities' content='ocr_page ocr_carea ocr_par ocr_line ocrx_word'/>
</head>
<body>
  <div class='ocr_page' id='page_1' title='image "./ulrichiabhutten01mngoog_0145.png"; bbox 0 0 2640 4634; ppageno 0'>
   <div class='ocr_carea' id='block_1_1' title="bbox 553 399 722 497">
    <p class='ocr_par' dir='ltr' id='par_1_1' title="bbox 553 399 722 497">
     <span class='ocr_line' id='line_1_1' title="bbox 553 399 722 497; baseline -0.012 -25"><span class='ocrx_word' id='word_1_1' title='bbox 553 400 655 497; x_wconf 85' lang='lat' dir='ltr'>Eleg.</span> <span class='ocrx_word' id='word_1_2' title='bbox 681 399 722 470; x_wconf 87' lang='lat' dir='ltr'>V.</span> 
     </span>
    </p>
   </div>
   <div class='ocr_carea' id='block_1_2' title="bbox 138 581 1053 2249">
    <p class='ocr_par' dir='ltr' id='par_1_2' title="bbox 138 581 977 762">
     <span class='ocr_line' id='line_1_2' title="bbox 138 581 835 669; baseline -0.003 -12"><span class='ocrx_word' id='word_1_3' title='bbox 138 606 179 657; x_wconf 80' lang='lat' dir='ltr'>At</span> <span class='ocrx_word' id='word_1_4' title='bbox 196 616 268 658; x_wconf 87' lang='lat' dir='ltr'>suus</span> <span class='ocrx_word' id='word_1_5' title='bbox 288 581 335 653; x_wconf 90' lang='lat' dir='ltr'>ille</span> <span class='ocrx_word' id='word_1_6' title='bbox 354 584 433 652; x_wconf 86' lang='lat' dir='ltr'>dolis</span> <span class='ocrx_word' id='word_1_7' title='bbox 448 608 533 652; x_wconf 85' lang='lat' dir='ltr'>natus</span> <span class='ocrx_word' id='word_1_8' title='bbox 553 599 689 666; x_wconf 84' lang='lat' dir='ltr'>graviora</span> <span class='ocrx_word' id='word_1_9' title='bbox 707 602 835 669; x_wconf 72' lang='lat' dir='ltr'>paternis</span> 
     </span>
     <span class='ocr_line' id='line_1_3' title="bbox 207 680 977 762; baseline 0 -14"><span class='ocrx_word' id='word_1_10' title='bbox 207 694 345 760; x_wconf 82' lang='lat' dir='ltr'>Addidit,</span> <span class='ocrx_word' id='word_1_11' title='bbox 364 700 393 744; x_wconf 90' lang='lat' dir='ltr'>et</span> <span class='ocrx_word' id='word_1_12' title='bbox 410 704 563 762; x_wconf 83' lang='lat' dir='ltr'>nusquam·</span> <span class='ocrx_word' id='word_1_13' title='bbox 575 702 619 745; x_wconf 86' lang='lat' dir='ltr'>est</span> <span class='ocrx_word' id='word_1_14' title='bbox 636 693 696 746; x_wconf 93' lang='lat' dir='ltr'>hoc</span> <span class='ocrx_word' id='word_1_15' title='bbox 717 695 850 761; x_wconf 89' lang='lat' dir='ltr'>genitore</span> <span class='ocrx_word' id='word_1_16' title='bbox 868 680 977 748; x_wconf 74' lang='lat' dir='ltr'>midolr</span> 
     </span>
    </p>

    <p class='ocr_par' dir='ltr' id='par_1_3' title="bbox 139 786 885 949">
     <span class='ocr_line' id='line_1_4' title="bbox 139 786 847 859; baseline -0.004 -17"><span class='ocrx_word' id='word_1_17' title='bbox 139 788 193 842; x_wconf 89' lang='lat' dir='ltr'>Ille</span> <span class='ocrx_word' id='word_1_18' title='bbox 212 792 266 859; x_wconf 86' lang='lat' dir='ltr'>per</span> <span class='ocrx_word' id='word_1_19' title='bbox 288 787 428 841; x_wconf 86' lang='lat' dir='ltr'>infectam</span> <span class='ocrx_word' id='word_1_20' title='bbox 441 788 523 856; x_wconf 89' lang='lat' dir='ltr'>justo</span> <span class='ocrx_word' id='word_1_21' title='bbox 543 786 721 856; x_wconf 85' lang='lat' dir='ltr'>petulantior</span> <span class='ocrx_word' id='word_1_22' title='bbox 740 786 847 840; x_wconf 88' lang='lat' dir='ltr'>urbem</span> 
     </span>
     <span class='ocr_line' id='line_1_5' title="bbox 207 878 885 949; baseline 0 -15"><span class='ocrx_word' id='word_1_23' title='bbox 207 879 321 934; x_wconf 90' lang='lat' dir='ltr'>Polluit</span> <span class='ocrx_word' id='word_1_24' title='bbox 340 888 368 931; x_wconf 88' lang='lat' dir='ltr'>et</span> <span class='ocrx_word' id='word_1_25' title='bbox 385 887 513 946; x_wconf 89' lang='lat' dir='ltr'>matres,</span> <span class='ocrx_word' id='word_1_26' title='bbox 532 878 756 948; x_wconf 87' lang='lat' dir='ltr'>virgineumque</span> <span class='ocrx_word' id='word_1_27' title='bbox 775 881 885 949; x_wconf 85' lang='lat' dir='ltr'>decus;</span> 
     </span>
    </p>

    <p class='ocr_par' dir='ltr' id='par_1_4' title="bbox 140 966 950 1134">
     <span class='ocr_line' id='line_1_6' title="bbox 140 966 920 1045; baseline -0.003 -17"><span class='ocrx_word' id='word_1_28' title='bbox 140 974 237 1045; x_wconf 82' lang='lat' dir='ltr'><strong>Atque</strong></span> <span class='ocrx_word' id='word_1_29' title='bbox 257 966 326 1026; x_wconf 83' lang='lat' dir='ltr'>alias</span> <span class='ocrx_word' id='word_1_30' title='bbox 344 972 447 1040; x_wconf 90' lang='lat' dir='ltr'>donis,</span> <span class='ocrx_word' id='word_1_31' title='bbox 469 972 537 1024; x_wconf 84' lang='lat' dir='ltr'>alias</span> <span class='ocrx_word' id='word_1_32' title='bbox 556 972 584 1024; x_wconf 91' lang='lat' dir='ltr'>vi</span> <span class='ocrx_word' id='word_1_33' title='bbox 605 980 772 1041; x_wconf 82' lang='lat' dir='ltr'>oppugnat,</span> <span class='ocrx_word' id='word_1_34' title='bbox 793 982 821 1026; x_wconf 85' lang='lat' dir='ltr'>et</span> <span class='ocrx_word' id='word_1_35' title='bbox 839 975 920 1026; x_wconf 84' lang='lat' dir='ltr'>ardet</span> 
     </span>
     <span class='ocr_line' id='line_1_7' title="bbox 208 1062 950 1134; baseline 0 -16"><span class='ocrx_word' id='word_1_36' title='bbox 208 1065 269 1121; x_wconf 89' lang='lat' dir='ltr'>Per</span> <span class='ocrx_word' id='word_1_37' title='bbox 289 1065 372 1132; x_wconf 85' lang='lat' dir='ltr'>fora,</span> <span class='ocrx_word' id='word_1_38' title='bbox 391 1064 565 1134; x_wconf 87' lang='lat' dir='ltr'>pervices,</span> <span class='ocrx_word' id='word_1_39' title='bbox 584 1062 708 1132; x_wconf 82' lang='lat' dir='ltr'>balnea,</span> <span class='ocrx_word' id='word_1_40' title='bbox 728 1066 812 1131; x_wconf 87' lang='lat' dir='ltr'>fana,</span> <span class='ocrx_word' id='word_1_41' title='bbox 830 1066 950 1118; x_wconf 73' lang='lat' dir='ltr'>domos:</span> 
     </span>
    </p>

    <p class='ocr_par' dir='ltr' id='par_1_5' title="bbox 141 1157 947 1322">
     <span class='ocr_line' id='line_1_8' title="bbox 141 1157 947 1229; baseline -0.007 -13"><span class='ocrx_word' id='word_1_42' title='bbox 141 1161 214 1216; x_wconf 90' lang='lat' dir='ltr'>Non</span> <span class='ocrx_word' id='word_1_43' title='bbox 234 1168 288 1226; x_wconf 86' lang='lat' dir='ltr'>ego</span> <span class='ocrx_word' id='word_1_44' title='bbox 307 1157 377 1229; x_wconf 86' lang='lat' dir='ltr'>quid</span> <span class='ocrx_word' id='word_1_45' title='bbox 396 1166 527 1224; x_wconf 84' lang='lat' dir='ltr'>temere,</span> <span class='ocrx_word' id='word_1_46' title='bbox 546 1164 615 1209; x_wconf 83' lang='lat' dir='ltr'>nota</span> <span class='ocrx_word' id='word_1_47' title='bbox 635 1165 679 1209; x_wconf 85' lang='lat' dir='ltr'>est</span> <span class='ocrx_word' id='word_1_48' title='bbox 695 1157 832 1225; x_wconf 76' lang='lat' dir='ltr'><strong>vesania,</strong></span> <span class='ocrx_word' id='word_1_49' title='bbox 851 1158 947 1226; x_wconf 80' lang='lat' dir='ltr'>fingo,</span> 
     </span>
     <span class='ocr_line' id='line_1_9' title="bbox 212 1250 806 1322; baseline 0.002 -18"><span class='ocrx_word' id='word_1_50' title='bbox 212 1251 240 1306; x_wconf 88' lang='lat' dir='ltr'>Si</span> <span class='ocrx_word' id='word_1_51' title='bbox 259 1251 357 1318; x_wconf 87' lang='lat' dir='ltr'>ling0,</span> <span class='ocrx_word' id='word_1_52' title='bbox 375 1252 454 1320; x_wconf 82' lang='lat' dir='ltr'>turpi</span> <span class='ocrx_word' id='word_1_53' title='bbox 472 1267 580 1321; x_wconf 80' lang='lat' dir='ltr'>respue</span> <span class='ocrx_word' id='word_1_54' title='bbox 599 1250 708 1322; x_wconf 82' lang='lat' dir='ltr'>scripta</span> <span class='ocrx_word' id='word_1_55' title='bbox 726 1262 806 1306; x_wconf 86' lang='lat' dir='ltr'>nota.</span> 
     </span>
    </p>

    <p class='ocr_par' dir='ltr' id='par_1_6' title="bbox 144 1335 995 1692">
     <span class='ocr_line' id='line_1_10' title="bbox 144 1335 917 1416; baseline -0.009 -15"><span class='ocrx_word' id='word_1_56' title='bbox 144 1335 261 1401; x_wconf 76' lang='lat' dir='ltr'>Addidit</span> <span class='ocrx_word' id='word_1_57' title='bbox 277 1343 347 1397; x_wconf 86' lang='lat' dir='ltr'>huic</span> <span class='ocrx_word' id='word_1_58' title='bbox 364 1344 465 1397; x_wconf 88' lang='lat' dir='ltr'>titulos</span> <span class='ocrx_word' id='word_1_59' title='bbox 486 1345 613 1411; x_wconf 90' lang='lat' dir='ltr'>sceleri,</span> <span class='ocrx_word' id='word_1_60' title='bbox 633 1347 796 1416; x_wconf 84' lang='lat' dir='ltr'>gaudetque</span> <span class='ocrx_word' id='word_1_61' title='bbox 815 1342 917 1398; x_wconf 80' lang='lat' dir='ltr'>&#39;vocari</span> 
     </span>
     <span class='ocr_line' id='line_1_11' title="bbox 210 1436 946 1513; baseline -0.003 -22"><span class='ocrx_word' id='word_1_62' title='bbox 210 1436 349 1504; x_wconf 88' lang='lat' dir='ltr'>Doctor,</span> <span class='ocrx_word' id='word_1_63' title='bbox 369 1437 444 1490; x_wconf 88' lang='lat' dir='ltr'>etin</span> <span class='ocrx_word' id='word_1_64' title='bbox 463 1439 553 1491; x_wconf 87' lang='lat' dir='ltr'>rubra</span> <span class='ocrx_word' id='word_1_65' title='bbox 571 1447 653 1493; x_wconf 89' lang='lat' dir='ltr'>veste</span> <span class='ocrx_word' id='word_1_66' title='bbox 674 1440 803 1494; x_wconf 87' lang='lat' dir='ltr'>decorus</span> <span class='ocrx_word' id='word_1_67' title='bbox 823 1445 900 1491; x_wconf 87' lang='lat' dir='ltr'>ovat.</span> <span class='ocrx_word' id='word_1_68' title='bbox 943 1509 946 1513; x_wconf 10' lang='grc' dir='ltr'><strong>λ</strong></span> 
     </span>
     <span class='ocr_line' id='line_1_12' title="bbox 146 1516 995 1600; baseline -0.006 -14"><span class='ocrx_word' id='word_1_69' title='bbox 146 1531 220 1597; x_wconf 84' lang='lat' dir='ltr'>Sed,</span> <span class='ocrx_word' id='word_1_70' title='bbox 238 1529 304 1600; x_wconf 89' lang='lat' dir='ltr'>quia</span> <span class='ocrx_word' id='word_1_71' title='bbox 323 1529 363 1584; x_wconf 90' lang='lat' dir='ltr'>nil</span> <span class='ocrx_word' id='word_1_72' title='bbox 384 1529 501 1597; x_wconf 82' lang='lat' dir='ltr'>didicit,</span> <span class='ocrx_word' id='word_1_73' title='bbox 522 1530 588 1600; x_wconf 85' lang='lat' dir='ltr'>quia</span> <span class='ocrx_word' id='word_1_74' title='bbox 608 1522 670 1599; x_wconf 85' lang='lat' dir='ltr'>nil,</span> <span class='ocrx_word' id='word_1_75' title='bbox 688 1531 743 1586; x_wconf 88' lang='lat' dir='ltr'>nisi</span> <span class='ocrx_word' id='word_1_76' title='bbox 762 1529 875 1600; x_wconf 86' lang='lat' dir='ltr'>turpia,</span> <span class='ocrx_word' id='word_1_77' title='bbox 894 1516 995 1595; x_wconf 73' lang='lat' dir='ltr'>callet,</span> 
     </span>
     <span class='ocr_line' id='line_1_13' title="bbox 211 1622 924 1692; baseline -0.001 -15"><span class='ocrx_word' id='word_1_78' title='bbox 211 1623 283 1677; x_wconf 92' lang='lat' dir='ltr'>Non</span> <span class='ocrx_word' id='word_1_79' title='bbox 302 1622 408 1692; x_wconf 78' lang='lat' dir='ltr'>patitur</span> <span class='ocrx_word' id='word_1_80' title='bbox 426 1622 532 1676; x_wconf 88' lang='lat' dir='ltr'>doctos</span> <span class='ocrx_word' id='word_1_81' title='bbox 551 1636 655 1676; x_wconf 83' lang='lat' dir='ltr'>seeum</span> <span class='ocrx_word' id='word_1_82' title='bbox 672 1623 805 1678; x_wconf 83' lang='lat' dir='ltr'>habitare</span> <span class='ocrx_word' id='word_1_83' title='bbox 824 1624 924 1690; x_wconf 86' lang='lat' dir='ltr'>viros;</span> 
     </span>
    </p>

    <p class='ocr_par' dir='ltr' id='par_1_7' title="bbox 144 1715 1053 2249">
     <span class='ocr_line' id='line_1_14' title="bbox 144 1715 888 1784; baseline -0.004 -15"><span class='ocrx_word' id='word_1_84' title='bbox 144 1715 319 1784; x_wconf 88' lang='lat' dir='ltr'>Insidiisque</span> <span class='ocrx_word' id='word_1_85' title='bbox 339 1715 402 1769; x_wconf 85' lang='lat' dir='ltr'>suis</span> <span class='ocrx_word' id='word_1_86' title='bbox 416 1730 523 1768; x_wconf 83' lang='lat' dir='ltr'>verum</span> <span class='ocrx_word' id='word_1_87' title='bbox 543 1715 702 1769; x_wconf 85' lang='lat' dir='ltr'>insectatur</span> <span class='ocrx_word' id='word_1_88' title='bbox 718 1715 888 1782; x_wconf 84' lang='lat' dir='ltr'>honorem,</span> 
     </span>
     <span class='ocr_line' id='line_1_15' title="bbox 213 1790 978 1879; baseline 0.001 -18"><span class='ocrx_word' id='word_1_89' title='bbox 213 1807 248 1861; x_wconf 90' lang='lat' dir='ltr'>Hi</span> <span class='ocrx_word' id='word_1_90' title='bbox 267 1816 335 1861; x_wconf 87' lang='lat' dir='ltr'>sunt</span> <span class='ocrx_word' id='word_1_91' title='bbox 355 1808 392 1875; x_wconf 85' lang='lat' dir='ltr'>ii,</span> <span class='ocrx_word' id='word_1_92' title='bbox 410 1790 566 1878; x_wconf 73' lang='lat' dir='ltr'>princeps!</span> <span class='ocrx_word' id='word_1_93' title='bbox 587 1824 716 1879; x_wconf 88' lang='lat' dir='ltr'>quorum</span> <span class='ocrx_word' id='word_1_94' title='bbox 736 1825 789 1875; x_wconf 89' lang='lat' dir='ltr'>ego</span> <span class='ocrx_word' id='word_1_95' title='bbox 809 1808 906 1877; x_wconf 84' lang='lat' dir='ltr'>praeda</span> <span class='ocrx_word' id='word_1_96' title='bbox 926 1809 978 1864; x_wconf 86' lang='lat' dir='ltr'>fui.</span> 
     </span>
     <span class='ocr_line' id='line_1_16' title="bbox 149 1899 948 1974; baseline 0.008 -21"><span class='ocrx_word' id='word_1_97' title='bbox 149 1899 218 1972; x_wconf 77' lang='lat' dir='ltr'>Quo</span> <span class='ocrx_word' id='word_1_98' title='bbox 237 1901 323 1954; x_wconf 83' lang='lat' dir='ltr'>decet</span> <span class='ocrx_word' id='word_1_99' title='bbox 340 1900 464 1953; x_wconf 86' lang='lat' dir='ltr'>arbitrio</span> <span class='ocrx_word' id='word_1_100' title='bbox 475 1941 484 1968; x_wconf 92' lang='lat'>,</span> <span class='ocrx_word' id='word_1_101' title='bbox 504 1909 623 1955; x_wconf 79' lang='lat' dir='ltr'>nostras</span> <span class='ocrx_word' id='word_1_102' title='bbox 642 1901 772 1954; x_wconf 86' lang='lat' dir='ltr'>decerne</span> <span class='ocrx_word' id='word_1_103' title='bbox 792 1905 948 1974; x_wconf 75' lang='lat' dir='ltr'>querelae,</span> 
     </span>
     <span class='ocr_line' id='line_1_17' title="bbox 213 1982 866 2064; baseline 0.005 -19"><span class='ocrx_word' id='word_1_104' title='bbox 213 1991 253 2045; x_wconf 91' lang='lat' dir='ltr'>Et</span> <span class='ocrx_word' id='word_1_105' title='bbox 271 1993 336 2058; x_wconf 82' lang='lat' dir='ltr'>fac,</span> <span class='ocrx_word' id='word_1_106' title='bbox 355 2009 392 2045; x_wconf 87' lang='lat' dir='ltr'>ne</span> <span class='ocrx_word' id='word_1_107' title='bbox 411 1993 446 2045; x_wconf 92' lang='lat' dir='ltr'>de</span> <span class='ocrx_word' id='word_1_108' title='bbox 465 2002 493 2046; x_wconf 84' lang='lat' dir='ltr'>te</span> <span class='ocrx_word' id='word_1_109' title='bbox 513 1992 550 2046; x_wconf 90' lang='lat' dir='ltr'>sit</span> <span class='ocrx_word' id='word_1_110' title='bbox 567 1982 640 2046; x_wconf 91' lang='lat' dir='ltr'>mihi</span> <span class='ocrx_word' id='word_1_111' title='bbox 659 1994 741 2048; x_wconf 87' lang='lat' dir='ltr'>triste</span> <span class='ocrx_word' id='word_1_112' title='bbox 761 1995 866 2064; x_wconf 83' lang='lat' dir='ltr'>queri!</span> 
     </span>
     <span class='ocr_line' id='line_1_18' title="bbox 150 2070 1053 2159; baseline 0.004 -20"><span class='ocrx_word' id='word_1_113' title='bbox 150 2085 197 2140; x_wconf 83' lang='lat' dir='ltr'>sic</span> <span class='ocrx_word' id='word_1_114' title='bbox 215 2070 285 2151; x_wconf 89' lang='lat' dir='ltr'>tibi,</span> <span class='ocrx_word' id='word_1_115' title='bbox 307 2084 357 2156; x_wconf 91' lang='lat' dir='ltr'>qui</span> <span class='ocrx_word' id='word_1_116' title='bbox 376 2084 520 2142; x_wconf 78' lang='lat' dir='ltr'>mundum</span> <span class='ocrx_word' id='word_1_117' title='bbox 530 2126 539 2153; x_wconf 93' lang='lat'>,</span> <span class='ocrx_word' id='word_1_118' title='bbox 559 2084 608 2156; x_wconf 93' lang='lat' dir='ltr'>qui</span> <span class='ocrx_word' id='word_1_119' title='bbox 627 2089 655 2140; x_wconf 79' lang='lat' dir='ltr'>t&#39;e</span> <span class='ocrx_word' id='word_1_120' title='bbox 666 2127 675 2153; x_wconf 90' lang='lat'>,</span> <span class='ocrx_word' id='word_1_121' title='bbox 694 2087 743 2156; x_wconf 91' lang='lat' dir='ltr'>qui</span> <span class='ocrx_word' id='word_1_122' title='bbox 764 2096 870 2140; x_wconf 87' lang='lat' dir='ltr'>cuncta</span> <span class='ocrx_word' id='word_1_123' title='bbox 893 2074 1053 2159; x_wconf 75' lang='lat' dir='ltr'>gubernat,</span> 
     </span>
     <span class='ocr_line' id='line_1_19' title="bbox 217 2177 885 2249; baseline 0.003 -16"><span class='ocrx_word' id='word_1_124' title='bbox 217 2177 275 2245; x_wconf 83' lang='lat' dir='ltr'>Sit,</span> <span class='ocrx_word' id='word_1_125' title='bbox 293 2181 421 2249; x_wconf 87' lang='lat' dir='ltr'>precor,</span> <span class='ocrx_word' id='word_1_126' title='bbox 441 2178 577 2234; x_wconf 76' lang='lat' dir='ltr'>extremo</span> <span class='ocrx_word' id='word_1_127' title='bbox 595 2179 674 2232; x_wconf 88' lang='lat' dir='ltr'>mitis</span> <span class='ocrx_word' id='word_1_128' title='bbox 694 2179 722 2232; x_wconf 90' lang='lat' dir='ltr'>in</span> <span class='ocrx_word' id='word_1_129' title='bbox 742 2178 885 2235; x_wconf 80' lang='lat' dir='ltr'>arbitriol</span> 
     </span>
    </p>
   </div>
   <div class='ocr_carea' id='block_1_3' title="bbox 530 2396 745 2414">
    <p class='ocr_par' dir='ltr' id='par_1_8' title="bbox 530 2396 745 2414">
     <span class='ocr_line' id='line_1_20' title="bbox 530 2396 745 2414; baseline 0 -1"><span class='ocrx_word' id='word_1_130' title='bbox 530 2396 745 2414; x_wconf 45' lang='grc' dir='ltr'>ρ·-</span> 
     </span>
    </p>
   </div>
   <div class='ocr_carea' id='block_1_4' title="bbox 444 2553 854 2690">
    <p class='ocr_par' dir='ltr' id='par_1_9' title="bbox 444 2553 854 2690">
     <span class='ocr_line' id='line_1_21' title="bbox 444 2553 854 2690; baseline 0.012 -31"><span class='ocrx_word' id='word_1_131' title='bbox 444 2553 854 2690; x_wconf 70' lang='lat' dir='ltr'>ElegiaVL</span> 
     </span>
    </p>
   </div>
   <div class='ocr_carea' id='block_1_5' title="bbox 153 2769 1163 3124">
    <p class='ocr_par' dir='ltr' id='par_1_10' title="bbox 153 2769 1163 3124">
     <span class='ocr_line' id='line_1_22' title="bbox 153 2769 1163 2882; baseline 0.008 -31"><span class='ocrx_word' id='word_1_132' title='bbox 153 2770 214 2853; x_wconf 76' lang='lat' dir='ltr'>Ad</span> <span class='ocrx_word' id='word_1_133' title='bbox 237 2772 529 2857; x_wconf 81' lang='lat' dir='ltr'>Valentinum</span> <span class='ocrx_word' id='word_1_134' title='bbox 555 2780 863 2882; x_wconf 83' lang='lat' dir='ltr'>Steigenteyn</span> <span class='ocrx_word' id='word_1_135' title='bbox 889 2769 1163 2873; x_wconf 70' lang='lat' dir='ltr'>(Sloz‘entz‘n)</span> 
     </span>
     <span class='ocr_line' id='line_1_23' title="bbox 364 2893 1097 3007; baseline 0.01 -22"><span class='ocrx_word' id='word_1_136' title='bbox 364 2912 554 3005; x_wconf 82' lang='lat' dir='ltr'>principis</span> <span class='ocrx_word' id='word_1_137' title='bbox 584 2928 736 3007; x_wconf 83' lang='lat' dir='ltr'>Bugslai</span> <span class='ocrx_word' id='word_1_138' title='bbox 765 2921 948 3004; x_wconf 85' lang='lat' dir='ltr'>Scribam,</span> <span class='ocrx_word' id='word_1_139' title='bbox 1095 2893 1097 2897; x_wconf 17' lang='grc' dir='ltr'>ι</span> 
     </span>
     <span class='ocr_line' id='line_1_24' title="bbox 226 3049 1076 3124; baseline -0.005 -18"><span class='ocrx_word' id='word_1_140' title='bbox 226 3099 228 3106; x_wconf 95' lang='grc'>.</span> <span class='ocrx_word' id='word_1_141' title='bbox 285 3056 325 3102; x_wconf 73' lang='lat' dir='ltr'>ut</span> <span class='ocrx_word' id='word_1_142' title='bbox 363 3049 592 3121; x_wconf 73' lang='lat' dir='ltr'>Querulum</span> <span class='ocrx_word' id='word_1_143' title='bbox 632 3053 821 3124; x_wconf 79' lang='lat' dir='ltr'>principi</span> <span class='ocrx_word' id='word_1_144' title='bbox 856 3053 1038 3105; x_wconf 65' lang='lat' dir='ltr'>efferata·</span> <span class='ocrx_word' id='word_1_145' title='bbox 1074 3063 1076 3067; x_wconf 74' lang='grc'>’</span> 
     </span>
    </p>
   </div>
   <div class='ocr_carea' id='block_1_6' title="bbox 156 3352 858 3456">
    <p class='ocr_par' dir='ltr' id='par_1_11' title="bbox 156 3352 858 3456">
     <span class='ocr_line' id='line_1_25' title="bbox 156 3352 858 3456; baseline 0.004 -21"><span class='ocrx_word' id='word_1_146' title='bbox 156 3352 272 3447; x_wconf 78' lang='lat' dir='ltr'>Fertur</span> <span class='ocrx_word' id='word_1_147' title='bbox 291 3383 326 3439; x_wconf 85' lang='lat' dir='ltr'>ab</span> <span class='ocrx_word' id='word_1_148' title='bbox 346 3385 475 3440; x_wconf 80' lang='lat' dir='ltr'>Hutteno</span> <span class='ocrx_word' id='word_1_149' title='bbox 495 3366 606 3441; x_wconf 83' lang='lat' dir='ltr'>defletis</span> <span class='ocrx_word' id='word_1_150' title='bbox 625 3385 735 3456; x_wconf 84' lang='lat' dir='ltr'>scripta</span> <span class='ocrx_word' id='word_1_151' title='bbox 753 3362 858 3452; x_wconf 81' lang='lat' dir='ltr'>lituris,</span> 
     </span>
    </p>
   </div>
   <div class='ocr_carea' id='block_1_7' title="bbox 157 3475 1071 4112">
    <p class='ocr_par' dir='ltr' id='par_1_12' title="bbox 157 3475 1071 4112">
     <span class='ocr_line' id='line_1_26' title="bbox 223 3475 845 3562; baseline 0.003 -24"><span class='ocrx_word' id='word_1_152' title='bbox 223 3484 284 3538; x_wconf 87' lang='lat' dir='ltr'>Per</span> <span class='ocrx_word' id='word_1_153' title='bbox 302 3495 330 3538; x_wconf 88' lang='lat' dir='ltr'>te</span> <span class='ocrx_word' id='word_1_154' title='bbox 353 3483 495 3540; x_wconf 79' lang='lat' dir='ltr'>Pomerio&#39;</span> <span class='ocrx_word' id='word_1_155' title='bbox 514 3475 609 3540; x_wconf 75' lang='lat' dir='ltr'>danda</span> <span class='ocrx_word' id='word_1_156' title='bbox 628 3489 749 3556; x_wconf 83' lang='lat' dir='ltr'>querela</span> <span class='ocrx_word' id='word_1_157' title='bbox 769 3486 845 3562; x_wconf 85' lang='lat' dir='ltr'>duci.</span> 
     </span>
     <span class='ocr_line' id='line_1_27' title="bbox 157 3565 925 3649; baseline 0.001 -19"><span class='ocrx_word' id='word_1_158' title='bbox 157 3565 214 3630; x_wconf 82' lang='lat' dir='ltr'>Hie</span> <span class='ocrx_word' id='word_1_159' title='bbox 234 3589 364 3647; x_wconf 85' lang='lat' dir='ltr'>queror,</span> <span class='ocrx_word' id='word_1_160' title='bbox 383 3588 415 3631; x_wconf 90' lang='lat' dir='ltr'>ut</span> <span class='ocrx_word' id='word_1_161' title='bbox 433 3579 523 3648; x_wconf 86' lang='lat' dir='ltr'>patria</span> <span class='ocrx_word' id='word_1_162' title='bbox 542 3578 688 3649; x_wconf 86' lang='lat' dir='ltr'>spoliator</span> <span class='ocrx_word' id='word_1_163' title='bbox 705 3578 831 3633; x_wconf 90' lang='lat' dir='ltr'>Lossius</span> <span class='ocrx_word' id='word_1_164' title='bbox 849 3575 925 3632; x_wconf 69' lang='lat' dir='ltr'>urbe=</span> 
     </span>
     <span class='ocr_line' id='line_1_28' title="bbox 227 3667 797 3739; baseline 0.007 -19"><span class='ocrx_word' id='word_1_165' title='bbox 227 3667 325 3723; x_wconf 88' lang='lat' dir='ltr'>lntulit</span> <span class='ocrx_word' id='word_1_166' title='bbox 343 3671 471 3724; x_wconf 86' lang='lat' dir='ltr'>llutteno</span> <span class='ocrx_word' id='word_1_167' title='bbox 490 3671 550 3725; x_wconf 86' lang='lat' dir='ltr'>vim</span> <span class='ocrx_word' id='word_1_168' title='bbox 569 3672 632 3724; x_wconf 89' lang='lat' dir='ltr'>sine</span> <span class='ocrx_word' id='word_1_169' title='bbox 646 3671 715 3739; x_wconf 88' lang='lat' dir='ltr'>jure</span> <span class='ocrx_word' id='word_1_170' title='bbox 734 3676 797 3724; x_wconf 85' lang='lat' dir='ltr'>tuo.</span> 
     </span>
     <span class='ocr_line' id='line_1_29' title="bbox 158 3744 1071 3834; baseline -0.003 -19"><span class='ocrx_word' id='word_1_171' title='bbox 158 3758 287 3831; x_wconf 87' lang='lat' dir='ltr'>Respice</span> <span class='ocrx_word' id='word_1_172' title='bbox 306 3772 349 3815; x_wconf 92' lang='lat' dir='ltr'>tot</span> <span class='ocrx_word' id='word_1_173' title='bbox 367 3764 532 3834; x_wconf 86' lang='lat' dir='ltr'>lacrymas,</span> <span class='ocrx_word' id='word_1_174' title='bbox 564 3763 766 3816; x_wconf 86' lang='lat' dir='ltr'>miserandum</span> <span class='ocrx_word' id='word_1_175' title='bbox 785 3744 901 3832; x_wconf 86' lang='lat' dir='ltr'>respice</span> <span class='ocrx_word' id='word_1_176' title='bbox 919 3744 1071 3826; x_wconf 83' lang='lat' dir='ltr'>morbum,</span> 
     </span>
     <span class='ocr_line' id='line_1_30' title="bbox 227 3854 895 3924; baseline 0.004 -18"><span class='ocrx_word' id='word_1_177' title='bbox 227 3854 254 3907; x_wconf 90' lang='lat' dir='ltr'>Si</span> <span class='ocrx_word' id='word_1_178' title='bbox 274 3865 376 3924; x_wconf 87' lang='lat' dir='ltr'>potes,</span> <span class='ocrx_word' id='word_1_179' title='bbox 407 3867 435 3910; x_wconf 88' lang='lat' dir='ltr'>et</span> <span class='ocrx_word' id='word_1_180' title='bbox 454 3860 539 3910; x_wconf 81' lang='lat' dir='ltr'>casus</span> <span class='ocrx_word' id='word_1_181' title='bbox 559 3856 773 3910; x_wconf 86' lang='lat' dir='ltr'>commiserare</span> <span class='ocrx_word' id='word_1_182' title='bbox 792 3858 895 3914; x_wconf 75' lang='lat' dir='ltr'>meos!</span> 
     </span>
     <span class='ocr_line' id='line_1_31' title="bbox 159 3941 889 4026; baseline 0 -24"><span class='ocrx_word' id='word_1_183' title='bbox 159 3942 240 4002; x_wconf 87' lang='lat' dir='ltr'>Olim</span> <span class='ocrx_word' id='word_1_184' title='bbox 259 3947 359 4002; x_wconf 82' lang='lat' dir='ltr'>aderas</span> <span class='ocrx_word' id='word_1_185' title='bbox 377 3941 466 4004; x_wconf 82' lang='lat' dir='ltr'>nobis</span> <span class='ocrx_word' id='word_1_186' title='bbox 485 3950 588 4026; x_wconf 83' lang='lat' dir='ltr'>studiis</span> <span class='ocrx_word' id='word_1_187' title='bbox 607 3949 737 4004; x_wconf 87' lang='lat' dir='ltr'>addictus</span> <span class='ocrx_word' id='word_1_188' title='bbox 760 3949 889 4015; x_wconf 84' lang='lat' dir='ltr'>eisdem,</span> 
     </span>
     <span class='ocr_line' id='line_1_32' title="bbox 229 4038 863 4112; baseline 0.003 -20"><span class='ocrx_word' id='word_1_189' title='bbox 229 4038 307 4112; x_wconf 77' lang='lat' dir='ltr'>Quid</span> <span class='ocrx_word' id='word_1_190' title='bbox 324 4043 414 4110; x_wconf 87' lang='lat' dir='ltr'>pudet</span> <span class='ocrx_word' id='word_1_191' title='bbox 430 4043 541 4096; x_wconf 82' lang='lat' dir='ltr'>Aonias</span> <span class='ocrx_word' id='word_1_192' title='bbox 563 4051 591 4094; x_wconf 87' lang='lat' dir='ltr'>te</span> <span class='ocrx_word' id='word_1_193' title='bbox 611 4041 741 4095; x_wconf 87' lang='lat' dir='ltr'>coluisse</span> <span class='ocrx_word' id='word_1_194' title='bbox 758 4041 863 4094; x_wconf 71' lang='lat' dir='ltr'>Deus?</span> 
     </span>
    </p>
   </div>
   <div class='ocr_carea' id='block_1_8' title="bbox 0 0 1353 4634">
    <p class='ocr_par' dir='ltr' id='par_1_13' title="bbox 0 0 1353 4634">
     <span class='ocr_line' id='line_1_33' title="bbox 0 0 1353 4634; baseline 0 0"><span class='ocrx_word' id='word_1_195' title='bbox 0 0 1353 4634; x_wconf 95' lang='lat' dir='ltr'> </span> 
     </span>
    </p>
   </div>
  </div>
 </body>
</html>
