2670 4628
241 915 357 994 Quod
378 915 423 978 ab
447 916 516 979 illa
537 914 768 1002 antiquitus
789 919 1081 986 Germanorum

152 1076 401 1142 claritudine
421 1081 602 1144 nondum
629 1085 917 1169 degenerarint
937 1101 1167 1166 nostrates,

430 1250 883 1338 Heroicumu.

573 1503 736 1519 Μ

152 1672 352 1773 Rhenigenas
372 1703 519 1776 populos,
539 1712 567 1758 et
585 1704 796 1761 robustissima
814 1707 915 1770 mnndi

151 1797 300 1867 Pectora,
321 1799 456 1870 quisquis
475 1782 557 1865 avie,
582 1808 668 1868 atque
688 1816 703 1852 a
723 1800 829 1853 virtute
849 1802 985 1870 priorum

152 1891 361 1958 Degenerasse
380 1901 486 1962 putas,
505 1908 567 1944 non
586 1908 671 1962 reque
694 1908 818 1962 remque
838 1894 959 1966 diesque

153 1983 286 2037 Arbitrio
306 1984 429 2056 pendis,
447 1984 539 2053 liceat·
554 2000 624 2037 curn
641 1993 778 2055 tempore
798 1987 899 2056 priseo

152 2075 335 2130 Praesentem
356 2079 497 2132 conferre
517 2086 635 2132 statum.
671 2079 885 2150 Nonpsemper
904 2080 932 2133 in
953 2081 1042 2136 armis

153 2167 231 2221 Esse
249 2170 334 2239 licet,
354 2173 479 2225 mollem
499 2188 561 2224 non
580 2186 697 2242 semper
719 2176 817 2225 amare
836 2172 988 2243 quietem.'

152 2260 290 2316 Alternas
306 2263 390 2332 juvat
408 2264 451 2317 ire
469 2263 571 2332 vices,
592 2248 736 2336 belloque
755 2265 900 2319 remissos

153 2355 233 2407 Tuta
252 2356 335 2424 quies
355 2358 488 2424 animos,
507 2371 625 2428 paxque
646 2354 812 2429 interposta
831 2359 1002 2426 resolvunt,

151 2447 221 2501 Nec
240 2457 269 2498 tu
291 2450 379 2501 crede
397 2449 485 2502 Deos
506 2449 543 2502 ita
566 2466 622 2502 nos
642 2450 795 2513 intendere
816 2459 939 2518 contra,

152 2541 191 2592 Ut
210 2556 311 2591 rerum
331 2540 479 2594 invideant
498 2559 665 2609 summam,
691 2551 720 2594 et
741 2542 857 2608 fastigia
874 2543 979 2595 nolint.

155 2630 347 2698 Germanos,
367 2632 511 2704 orbisque
530 2642 636 2704 eaput,
659 2632 835 2704 molemque
854 2645 967 2686 tenere.

154 2725 244 2777 Tune
265 2741 334 2777 cum
354 2733 471 2797 tempus
491 2735 570 2793 erat,
592 2742 697 2795 gerere
716 2742 814 2793 arma,
835 2735 864 2778 et
882 2741 992 2794 cogere
1011 2732 1131 2794 gentes,

152 2806 333 2887 Expugnare
351 2818 461 2887 urbes,
479 2834 644 2890 regumque
663 2819 824 2888 infringere
843 2819 954 2886 fastus,

153 2910 293 2963 Fecimus
313 2912 447 2978 egregie,
465 2913 616 2983 motisque
635 2910 810 2966 indulsimus
829 2913 938 2980 armiS‚

154 3002 246 3055 Nunc
265 3003 394 3070 placidas
414 3011 507 3070 artes,
525 3021 692 3075 pacemque
711 3005 866 3058 admittere
884 3005 964 3060 curis

154 3093 210 3146 Est
229 3109 323 3162 οριιε,
342 3102 428 3160 atque
449 3093 565 3146 animos
582 3094 778 3164 tranquillum
797 3098 951 3149 advertere
971 3095 1000 3148 in
1018 3110 1117 3149 nsum.

155 3186 239 3238 Dum
261 3182 378 3254 Sophiae
400 3185 519 3252 fruges,
539 3183 712 3256 cultumque
733 3198 761 3239 et
782 3187 931 3256 quaslibet
951 3195 1045 3254 artes,

155 3278 232 3333 Post
249 3285 294 3330 tot
311 3286 392 3345 gesta
411 3276 509 3329 virum
527 3288 631 3329 noster
649 3294 771 3348 quoque
791 3278 895 3332 calleat
913 3279 1036 3368 orbis&

155 3372 237 3440 Ergo
258 3372 316 3426 adit
333 3369 421 3423 ltaliae
441 3370 528 3441 quisq
548 3409 555 3424 .
575 3408 582 3423 .
604 3391 612 3424 a
633 3409 639 3423 .
662 3371 750 3438 loca,
768 3380 801 3423 ut
820 3372 931 3426 adferat
949 3371 1016 3425 inde

154 3465 269 3538 ingenii
289 3464 420 3530 cultum,
451 3473 479 3516 et
497 3463 588 3517 Latiae
607 3464 787 3518 commertia
802 3464 909 3533 ’linguar
919 3505 928 3533 ,

158 3541 399 3627 Graecorumque
419 3568 513 3624 artes,
533 3557 673 3610 nimirum
692 3557 739 3610 illa
758 3558 853 3628 ampla
872 3558 1028 3634 parentum

159 3653 235 3704 Cum
256 3654 325 3706 satis
346 3651 453 3705 eniteat
473 3661 624 3720 gestarum
642 3651 738 3720 gloria
757 3668 891 3706 rerums

187 3849 209 3897 a)
227 3841 312 3895 Dieses
331 3850 432 3896 Gedielrt
451 3850 481 3895 ist
503 3849 563 3896 such
583 3850 617 3895 als
638 3851 690 3895 elne
711 3852 755 3894 Art
773 3851 881 3897 Verrede
901 3851 947 3896 den
975 3851 1110 3899 „su-inter.
1129 3858 1177 3892 rer.

228 3947 305 3988 germ.
332 3937 368 3979 ed.
388 3949 404 3979 a
430 3937 513 3992 Maru.
538 3936 655 3981 Fratero.
686 3937 751 3980 Tem.
771 3928 812 3982 1.“
839 3936 886 3979 und
905 3945 971 3980 zuar
989 3946 1034 3978 ror
1052 3934 1098 3978 den
1116 3930 1181 3988 pagi·

227 4015 306 4063 uirten
323 4017 429 4067 stetten
446 4018 607 4076 beigedruekt.
