2640 4634
149 374 193 444 36
301 317 303 322 -
500 362 689 455 Querelar.
714 363 735 432 l.
775 362 803 432 Ι.

147 562 209 617 Per
227 560 329 614 faciles
347 561 475 624 Musas,
498 574 552 628 per
571 572 821 624 communemque
835 556 1016 621 magistrum,

215 642 334 721 Perque
354 660 441 720 caput
455 661 611 716 nostrum,
639 666 692 718 per
712 658 797 716 caput
817 664 872 699 oro
891 656 985 712 tunm,

147 747 267 816 Perque
285 755 381 809 tuam,
411 753 439 796 et
463 743 546 811 siqua
573 751 634 808 est,
665 757 721 809 qua
740 757 818 797 nunc
840 739 978 808 capiare,
998 739 1137 809 puellam,

215 839 263 892 Ne
282 837 412 907 tepidum
432 833 583 887 innostro
606 834 717 885 soedere
742 842 844 901 pectus
864 847 947 898 agas;

146 931 244 1000 thue
267 939 333 982 tuus
356 945 410 996 per
431 935 459 978 te
478 926 573 978 videat
591 942 656 976 mea
676 926 805 977 earmina
824 924 973 993 princepS,

211 1020 250 1073 Et
268 1021 385 1073 tandem
403 1027 434 1071 ut
456 1018 585 1087 spolium
606 1016 734 1069 vindicet
752 1017 799 1068 ille
819 1033 930 1068 meum.

145 1114 228 1166 Adde
247 1123 363 1177 tamen,
393 1108 416 1163 si
436 1110 506 1180 quid
527 1126 580 1178 pro
600 1119 702 1161 nostra
723 1118 803 1178 parte
823 1108 1006 1178 loquendum
1025 1119 1087 1178 est,

212 1184 284 1276 Quo
303 1203 420 1272 pondus
441 1217 536 1254 causae
556 1201 625 1253 dent
643 1210 690 1253 tua
710 1201 801 1253 verba
822 1218 910 1268 meae,

145 1299 226 1368 Saepe
245 1299 339 1367 aliqua
359 1295 483 1349 admotis
504 1294 594 1346 valuit
613 1293 766 1346 contentio
786 1293 886 1345 verbis
894 1334 903 1360 ,

212 1389 312 1442 Verba
329 1395 452 1441 movent
478 1385 612 1451 animos,
642 1385 793 1454 verbaque
812 1389 928 1454 pondus
948 1387 1067 1442 habent.

145 1481 296 1554 Quidquid
315 1496 386 1548 ago,
416 1478 486 1530 dum
504 1481 565 1528 noir
583 1477 683 1530 verbis
703 1479 898 1547 praesentibus
917 1488 995 1547 utor,

210 1573 298 1626 Facta
317 1580 379 1637 est,
409 1585 497 1647 qpam
517 1570 630 1636 fuerat,
651 1571 714 1638 jam
732 1587 797 1624 mea
817 1589 905 1625 causa
923 1573 1034 1626 minor.

143 1668 203 1721 vix
220 1667 303 1719 licuit
322 1661 410 1718 nobis
429 1680 461 1714 re
481 1661 640 1732 quidquam
659 1663 793 1716 scribere
813 1663 840 1716 in
859 1664 921 1731 illa,

208 1759 248 1811 Ut
265 1757 378 1827 rapiat,
405 1755 516 1832 patrios
539 1755 666 1808 Lossius
685 1755 776 1808 ambit
794 1758 907 1824 agros.⁴

142 1849 324 1919 Insidiasque
343 1849 415 1901 mihi
434 1848 540 1918 quovis
560 1848 712 1902 molimine
732 1849 839 1916 tendit,

207 1941 399 2012 Exercetque
418 1956 485 1994 suas
506 1940 534 1992 in
554 1941 629 1993 mala
648 1951 749 1994 nostra
767 1959 882 1996 manus.

142 2033 218 2087 Cum
239 2033 311 2085 milri
330 2050 391 2086 non
410 2033 515 2098 liceat,
541 2032 678 2102 praesenti
700 2035 814 2102 fungier
839 2052 903 2102 ore,

207 2125 293 2191 Vim,
322 2141 432 2195 precor
452 2124 588 2192 ingenio,
620 2143 677 2194 qua
697 2136 801 2196 potes,
830 2128 901 2179 adde
922 2133 1008 2181 ineo!

142 2217 224 2269 Adde
246 2216 320 2267 meis
340 2217 455 2285 pondus
474 2216 580 2286 quovis
605 2233 744 2271 sermone
764 2218 909 2288 querela,

210 2308 399 2361 Carminibus
420 2308 493 2361 vivae
512 2326 636 2379 suggere
655 2311 739 2363 vocis
759 2313 864 2378 opem!

141 2401 222 2455 Nota
242 2400 314 2460 mihi
334 2400 429 2453 doctae
449 2402 517 2454 satis
538 2411 582 2455 est
601 2402 735 2455 facundia
756 2398 876 2468 linguae‚

206 2493 323 2546 Notum
343 2501 404 2558 cst,
435 2511 522 2563 quam
541 2495 639 2563 possis
659 2494 757 2546 omnia
776 2495 829 2545 rite
848 2493 941 2562 loqui.

141 2585 208 2639 Nec
232 2584 354 2637 dubium
382 2595 442 2652 est,
474 2587 543 2657 quin
563 2589 606 2640 sic
624 2596 729 2640 nostro
748 2588 934 2656 praestantior·
953 2605 1016 2651 ore,

210 2678 259 2730 Tu
278 2665 417 2747 quonlam
438 2679 527 2731 fluido
551 2679 644 2732 vincis
664 2679 692 2730 in
712 2679 843 2748 eloquio,

141 2769 241 2823 Pande
261 2769 328 2821 duci
349 2770 535 2839 studiumque
559 2786 677 2835 meum,
709 2781 881 2839 sortemque
900 2772 1058 2835 sinistram,

210 2860 311 2912 Lauda
328 2861 367 2912 illi
387 2871 538 2926 nostrum,
566 2878 622 2928 qua
644 2860 713 2911 licet
733 2861 891 2927 ingenium.

143 2953 225 3006 Adde
245 2952 320 3004 istuc
338 2968 458 3018 morcS,
483 2961 511 3004 et
528 2959 637 3003 nostrae
662 2961 814 3004 stemmata
839 2952 950 3020 gentis,

211 3046 283 3098 Non
302 3043 425 3096 dubium
444 3053 505 3109 est,
535 3043 605 3113 quin
623 3043 660 3095 sit
677 3044 798 3111 mobilis
818 3045 865 3098 ille
884 3046 946 3099 tibi.
1024 3046 1025 3049 ’

142 3138 181 3190 Ut
195 3147 296 3201 ‘tamen
313 3136 378 3188 haec
399 3135 505 3200 faciaS,
535 3144 640 3188 nostro
660 3138 809 3190 movearis
831 3157 931 3192 amore

212 3230 312 3300 Quem
334 3229 392 3280 scis
414 3228 568 3280 exanimo
589 3228 721 3280 nondum
741 3229 848 3284 abiisse
867 3250 947 3284 meo.

144 3321 190 3374 Te
209 3320 358 3389 quondam
377 3320 526 3373 Odricolae
545 3322 670 3374 multum
690 3322 810 3377 coludre
828 3326 953 3394 puellae,

209 3410 394 3487 Nec'minor
413 3411 441 3462 in
459 3408 547 3465 nobis
567 3414 702 3466 concitus
722 3422 896 3468 amorerat.

143 3501 245 3554 Frater
265 3518 349 3567 eras,
375 3503 516 3573 memini,
548 3522 604 3572 qna
621 3522 670 3558 me
690 3515 808 3574 quoque'
827 3524 904 3560 voce
924 3509 1064 3578 vocabas,

214 3591 241 3644 Si
260 3608 378 3644 mernor
398 3608 445 3657 es,
474 3595 571 3648 fratris
596 3605 626 3647 tu
646 3596 790 3652 miserere
808 3599 867 3652 tui!
