2640 4634
550 360 611 433 Vir
636 363 762 436 bonus.

154 559 269 613 Cuncta
288 555 376 611 animi
396 565 522 627 penetro
540 556 625 624 visu,
646 567 718 612 stata
737 556 846 610 metior
865 566 945 626 acta,

221 651 260 705 Et
276 650 348 703 nihil
369 651 480 703 incerta
501 649 671 702 conditione
690 667 773 717 gero.

150 743 224 798 Non
242 743 346 795 faciles
368 757 489 809 causas,
506 757 568 794 non
587 759 635 796 res
655 743 814 796 considero
833 758 944 812 vanas,

222 835 440 905 Captanturque
460 834 555 888 oculis
572 852 634 887 non
652 835 707 888 nisi
726 835 810 903 digna
828 838 914 890 moia.

151 927 249 996 thue
269 927 354 982 malis
371 927 493 994 timeat,
514 944 571 980 nec
588 944 637 981 me
656 929 722 983 leve
741 930 845 997 vulgus
865 929 1002 996 aberret,

219 1019 324 1072 Torva
342 1020 397 1072 sub
417 1019 540 1073 immota
558 1020 669 1074 lumina
690 1021 789 1074 fronte
807 1038 892 1090 gero.

150 1111 263 1165 Viderit
281 1112 422 1182 insipiens
442 1113 503 1166 oris
521 1112 661 1180 gravitate
679 1121 827 1180 retectus,

217 1203 330 1259 Neritia
349 1205 472 1261 sceleris
492 1215 615 1259 corruet
633 1205 682 1260 illc
702 1205 757 1258 sui.

150 1296 179 1350 Si
197 1297 296 1349 bonus
315 1296 467 1364 inspiciat,
487 1297 567 1366 qued
586 1306 681 1365 amet,
700 1297 747 1350 cui
765 1307 865 1368 pareat
887 1298 985 1366 ultro,

217 1391 353 1444 Inveniet
373 1390 481 1444 mentis
501 1391 675 1444 dexteritate
693 1407 779 1445 meaa.

149 1483 221 1536 Sunt
237 1483 309 1536 mihi
333 1492 481 1552 porrectae
500 1482 678 1552 foribusque
696 1482 863 1553 patentibus
885 1499 990 1550 aures,

216 1575 268 1628 His
287 1575 359 1628 nihil
378 1576 564 1642 obscurum,
583 1576 668 1644 quale
687 1575 743 1642 sit,
767 1591 833 1629 esse
851 1584 961 1644 potest.

147 1667 244 1737 thue
262 1667 398 1720 immanis
419 1682 491 1736 aper
510 1667 676 1722 crescentia
695 1667 826 1732 gramina
844 1667 954 1734 sentit,
1024 1656 1027 1663 ’

217 1759 264 1813 Sic
283 1760 369 1829 capio
389 1760 486 1811 auditu
504 1758 597 1812 verba
618 1759 710 1811 relata
727 1775 809 1811 meo.

145 1851 203 1906 Me
221 1852 323 1921 potius
332 1852 417 1920 juvat
436 1868 505 1904 aure
524 1850 604 1917 frui,
631 1867 719 1919 quam
738 1850 858 1918 fungier
873 1867 943 1918 ere,

210 1945 395 2014 Auditusque
414 1959 530 2014 procax
549 1952 593 1997 est
612 1943 706 2010 mihi,
730 1944 828 2011 lingua
845 1943 954 2010 gravis,

147 2039 228 2106 Saepe
251 2055 352 2091 moras
371 2054 502 2104 causor,
532 2036 687 2107 responsis
706 2046 844 2106 tempora
863 2051 979 2106 poseo,

214 2130 281 2184 Nec
305 2133 405 2184 refero
417 2171 426 2198 ,
456 2131 511 2186 nisi
532 2145 597 2201 quea
618 2128 654 2182 sit
672 2129 821 2194 tacuisse,
849 2130 971 2181 malum.

147 2222 209 2276 Ore
227 2240 296 2276 meo
316 2225 412 2278 cresci
432 2225 601 2278 frondentia
618 2223 678 2276 lilia
698 2221 815 2287 cernis,

213 2316 332 2369 Melior
352 2318 473 2386 eloquio
491 2317 610 2386 grandia
628 2330 708 2384 saepe
726 2331 808 2368 meo.

143 2407 315 2462 Permevee
334 2418 448 2462 mentes
466 2410 642 2474 hominum,
670 2406 833 2475 verbisque
851 2407 996 2478 pacisce,

213 2501 341 2552 Horrida
361 2502 511 2553 causatrix
530 2499 630 2571 praelia
644 2497 746 2574 lingua
764 2498 856 2550 sedat.

143 2591 257 2644 Erudie
276 2601 408 2642 teneram
428 2591 507 2643 dulei
530 2605 672 2644 sermone
690 2589 865 2655 juventam,

213 2684 261 2737 Sic
280 2682 384 2752 aliquis
401 2681 512 2735 virides
532 2682 651 2735 flumine
669 2677 762 2733 nutrit
779 2695 879 2747 agros.

143 2776 233 2830 Plura
254 2793 308 2843 ego
328 2775 452 2846 perficio
475 2775 596 2841 verbis,
624 2773 820 2842 gravioraque
837 2773 951 2840 multo,

213 2867 312 2941 Quam
330 2869 379 2937 qui
400 2868 523 2930 terribili
543 2868 676 2922 concutit
699 2883 780 2921 arma
798 2883 898 2925 manu.

142 2960 232 3013 Parte
252 2960 305 3011 alia
325 2961 428 3030 capitia
449 2962 611 3014 radiantem
630 2961 742 3015 melior
762 2977 883 3028 ensem,

212 3048 338 3101 Justitiae
357 3052 507 3120 speeiem,
533 3053 749 3123 materiamque
772 3070 858 3106 meae.

144 3139 231 3210 Siqua
248 3139 346 3193 minus
365 3142 467 3195 verbis
484 3138 591 3210 potero
601 3181 610 3208 ,
640 3145 669 3197 vi
687 3147 797 3211 fungor
815 3152 931 3213 aperta,

213 3231 331 3304 Quique
350 3233 424 3285 nihil
439 3233 533 3301 jussis
554 3235 667 3302 paruit,
694 3249 765 3291 ense
783 3235 846 3289 luit.

139 3325 224 3380 Dum
243 3325 339 3392 gravis
360 3326 436 3379 illata
456 3335 501 3379 est
520 3326 610 3396 raptis
629 3326 735 3396 injuria
754 3328 865 3395 rebus,

208 3419 280 3471 Non
299 3417 354 3471 nisi
375 3418 512 3473 consulto
531 3428 656 3489 pectere
675 3421 753 3476 bella
773 3439 866 3490 gere,

139 3510 212 3565 Non
232 3509 339 3580 opibus
358 3528 450 3580 parco
461 3551 470 3579 ,
498 3529 585 3583 poena
602 3516 767 3583 perfungor
787 3515 908 3580 eadem,

208 3602 273 3656 Sive
292 3603 400 3657 habeat
418 3604 500 3658 dives
520 3605 662 3673 crimina,
687 3607 750 3661 sive
768 3609 870 3664 miser.

141 3694 240 3768 Quale
258 3697 306 3749 vel
327 3706 372 3753 est
390 3698 475 3767 cygni
496 3700 627 3767 collum,
656 3700 704 3752 vel
724 3701 809 3770 quale
829 3699 947 3753 colubri

208 3787 262 3840 Est
279 3789 370 3856 mihi,
398 3791 479 3859 quod
497 3791 596 3861 spatiis
616 3795 741 3862 profero
763 3802 870 3848 cuneta
888 3793 961 3850 suis.

141 3877 240 3931 Tarda
258 3880 389 3949 loquer,
418 3883 555 3938 meditata
571 3884 676 3954 prius,
705 3887 778 3941 nihil
802 3887 897 3940 audeo
921 3883 1041 3952 verbis,

209 3968 316 4038 Tune,
347 3973 399 4028 ubi
418 3977 592 4032 consultum
610 3989 656 4035 est
676 3980 764 4035 edere
782 3979 897 4051 verba,
921 3980 1045 4050 loquer.
