<?xml version="1.0" encoding="UTF-8"?>
<!DOCTYPE html PUBLIC "-//W3C//DTD XHTML 1.0 Transitional//EN"
    "http://www.w3.org/TR/xhtml1/DTD/xhtml1-transitional.dtd">
<html xmlns="http://www.w3.org/1999/xhtml" xml:lang="en" lang="en">
 <head>
  <title>
</title>
<meta http-equiv="Content-Type" content="text/html;charset=utf-8" />
  <meta name='ocr-system' content='tesseract 3.04.00' />
  <meta name='ocr-capabilities' content='ocr_page ocr_carea ocr_par ocr_line ocrx_word'/>
</head>
<body>
  <div class='ocr_page' id='page_1' title='image "./ulrichiabhutten01mngoog_0095.png"; bbox 0 0 2640 4634; ppageno 0'>
   <div class='ocr_carea' id='block_1_1' title="bbox 481 358 874 434">
    <p class='ocr_par' dir='ltr' id='par_1_1' title="bbox 481 358 874 434">
     <span class='ocr_line' id='line_1_1' title="bbox 481 358 874 434; baseline 0.005 -4"><span class='ocrx_word' id='word_1_1' title='bbox 481 381 528 430; x_wconf 93' lang='lat' dir='ltr'>an</span> <span class='ocrx_word' id='word_1_2' title='bbox 551 358 690 433; x_wconf 88' lang='lat' dir='ltr'>Hutten</span> <span class='ocrx_word' id='word_1_3' title='bbox 716 370 786 434; x_wconf 83' lang='lat' dir='ltr'>ete.</span> <span class='ocrx_word' id='word_1_4' title='bbox 870 409 874 415; x_wconf 84' lang='lat'><em>-</em></span> 
     </span>
    </p>
   </div>
   <div class='ocr_carea' id='block_1_2' title="bbox 381 550 875 653">
    <p class='ocr_par' dir='ltr' id='par_1_2' title="bbox 381 550 875 653">
     <span class='ocr_line' id='line_1_2' title="bbox 381 550 875 653; baseline 0.012 -27"><span class='ocrx_word' id='word_1_5' title='bbox 381 550 665 627; x_wconf 72' lang='lat' dir='ltr'>Martianus</span> <span class='ocrx_word' id='word_1_6' title='bbox 698 554 875 653; x_wconf 76' lang='lat' dir='ltr'>Rufus.</span> 
     </span>
    </p>
   </div>
   <div class='ocr_carea' id='block_1_3' title="bbox 122 713 1088 1488">
    <p class='ocr_par' dir='ltr' id='par_1_3' title="bbox 122 713 1088 1488">
     <span class='ocr_line' id='line_1_3' title="bbox 124 713 1088 808; baseline -0.001 -20"><span class='ocrx_word' id='word_1_7' title='bbox 124 718 221 808; x_wconf 80' lang='lat' dir='ltr'>Quod</span> <span class='ocrx_word' id='word_1_8' title='bbox 240 720 338 788; x_wconf 77' lang='lat' dir='ltr'>(decus</span> <span class='ocrx_word' id='word_1_9' title='bbox 357 713 491 785; x_wconf 87' lang='lat' dir='ltr'>Hutteni</span> <span class='ocrx_word' id='word_1_10' title='bbox 510 733 559 786; x_wconf 87' lang='lat' dir='ltr'>est</span> <span class='ocrx_word' id='word_1_11' title='bbox 578 716 719 806; x_wconf 82' lang='lat' dir='ltr'>Equitis‚</span> <span class='ocrx_word' id='word_1_12' title='bbox 751 747 820 808; x_wconf 87' lang='lat' dir='ltr'>quae</span> <span class='ocrx_word' id='word_1_13' title='bbox 840 721 939 808; x_wconf 81' lang='lat' dir='ltr'>palma</span> <span class='ocrx_word' id='word_1_14' title='bbox 956 715 1088 794; x_wconf 77' lang='lat' dir='ltr'>Po’e‘tae?</span> 
     </span>
     <span class='ocr_line' id='line_1_4' title="bbox 196 819 893 908; baseline 0.004 -22"><span class='ocrx_word' id='word_1_15' title='bbox 196 828 304 887; x_wconf 82' lang='lat' dir='ltr'>Lance</span> <span class='ocrx_word' id='word_1_16' title='bbox 321 825 389 904; x_wconf 87' lang='lat' dir='ltr'>pari</span> <span class='ocrx_word' id='word_1_17' title='bbox 408 819 533 905; x_wconf 82' lang='lat' dir='ltr'>gladio,</span> <span class='ocrx_word' id='word_1_18' title='bbox 563 820 677 885; x_wconf 89' lang='lat' dir='ltr'>nobilis</span> <span class='ocrx_word' id='word_1_19' title='bbox 698 831 793 908; x_wconf 84' lang='lat' dir='ltr'>atque</span> <span class='ocrx_word' id='word_1_20' title='bbox 810 827 893 903; x_wconf 84' lang='lat' dir='ltr'>stilo,</span> 
     </span>
     <span class='ocr_line' id='line_1_5' title="bbox 122 909 969 1008; baseline 0.001 -19"><span class='ocrx_word' id='word_1_21' title='bbox 122 909 315 989; x_wconf 79' lang='lat' dir='ltr'>Aethereum</span> <span class='ocrx_word' id='word_1_22' title='bbox 332 916 452 987; x_wconf 81' lang='lat' dir='ltr'>scandit</span> <span class='ocrx_word' id='word_1_23' title='bbox 473 916 575 985; x_wconf 78' lang='lat' dir='ltr'>Musis</span> <span class='ocrx_word' id='word_1_24' title='bbox 597 925 760 1007; x_wconf 77' lang='lat' dir='ltr'>eomitatus</span> <span class='ocrx_word' id='word_1_25' title='bbox 782 926 969 1008; x_wconf 87' lang='lat' dir='ltr'>Olympum;</span> 
     </span>
     <span class='ocr_line' id='line_1_6' title="bbox 198 1024 896 1106; baseline 0.001 -19"><span class='ocrx_word' id='word_1_26' title='bbox 198 1025 326 1087; x_wconf 84' lang='lat' dir='ltr'>Detinet</span> <span class='ocrx_word' id='word_1_27' title='bbox 349 1024 504 1087; x_wconf 82' lang='lat' dir='ltr'>obscuros</span> <span class='ocrx_word' id='word_1_28' title='bbox 524 1034 591 1084; x_wconf 86' lang='lat' dir='ltr'>atra</span> <span class='ocrx_word' id='word_1_29' title='bbox 609 1044 743 1087; x_wconf 79' lang='lat' dir='ltr'><strong>caverna</strong></span> <span class='ocrx_word' id='word_1_30' title='bbox 762 1024 896 1106; x_wconf 82' lang='lat' dir='ltr'><strong>Sophos.</strong></span> 
     </span>
     <span class='ocr_line' id='line_1_7' title="bbox 122 1118 972 1207; baseline 0.002 -21"><span class='ocrx_word' id='word_1_31' title='bbox 122 1122 159 1186; x_wconf 89' lang='lat' dir='ltr'>ln</span> <span class='ocrx_word' id='word_1_32' title='bbox 178 1121 323 1185; x_wconf 84' lang='lat' dir='ltr'>barathro</span> <span class='ocrx_word' id='word_1_33' title='bbox 344 1138 451 1206; x_wconf 75' lang='lat' dir='ltr'>poenas</span> <span class='ocrx_word' id='word_1_34' title='bbox 469 1145 530 1203; x_wconf 90' lang='lat' dir='ltr'>pro</span> <span class='ocrx_word' id='word_1_35' title='bbox 551 1124 642 1202; x_wconf 87' lang='lat' dir='ltr'>eulpa</span> <span class='ocrx_word' id='word_1_36' title='bbox 660 1136 693 1185; x_wconf 89' lang='lat' dir='ltr'>et</span> <span class='ocrx_word' id='word_1_37' title='bbox 711 1118 841 1186; x_wconf 89' lang='lat' dir='ltr'>erimine</span> <span class='ocrx_word' id='word_1_38' title='bbox 861 1124 972 1207; x_wconf 82' lang='lat' dir='ltr'>pendit</span> 
     </span>
     <span class='ocr_line' id='line_1_8' title="bbox 198 1216 1053 1301; baseline 0.006 -18"><span class='ocrx_word' id='word_1_39' title='bbox 198 1222 421 1300; x_wconf 80' lang='lat' dir='ltr'>Hoehstratus,</span> <span class='ocrx_word' id='word_1_40' title='bbox 453 1222 625 1301; x_wconf 74' lang='lat' dir='ltr'>Ortuinus,</span> <span class='ocrx_word' id='word_1_41' title='bbox 651 1219 807 1298; x_wconf 90' lang='lat' dir='ltr'>Luscius,</span> <span class='ocrx_word' id='word_1_42' title='bbox 833 1216 988 1289; x_wconf 80' lang='lat' dir='ltr'>Alsiaeus.</span> <span class='ocrx_word' id='word_1_43' title='bbox 1050 1233 1053 1239; x_wconf 86' lang='lat'>&#39;</span> 
     </span>
     <span class='ocr_line' id='line_1_9' title="bbox 123 1311 868 1407; baseline -0.003 -19"><span class='ocrx_word' id='word_1_44' title='bbox 123 1323 177 1388; x_wconf 84' lang='lat' dir='ltr'>Ille</span> <span class='ocrx_word' id='word_1_45' title='bbox 197 1326 278 1406; x_wconf 74' lang='lat' dir='ltr'>gerit</span> <span class='ocrx_word' id='word_1_46' title='bbox 296 1324 424 1386; x_wconf 82' lang='lat' dir='ltr'>meritos</span> <span class='ocrx_word' id='word_1_47' title='bbox 445 1320 523 1385; x_wconf 81' lang='lat' dir='ltr'>coelo</span> <span class='ocrx_word' id='word_1_48' title='bbox 543 1317 689 1407; x_wconf 80' lang='lat' dir='ltr'>dignatus</span> <span class='ocrx_word' id='word_1_49' title='bbox 709 1311 868 1386; x_wconf 74' lang='lat' dir='ltr'>honores:</span> 
     </span>
     <span class='ocr_line' id='line_1_10' title="bbox 196 1420 827 1488; baseline -0.003 -2"><span class='ocrx_word' id='word_1_50' title='bbox 196 1420 328 1487; x_wconf 81' lang='lat' dir='ltr'>Hutteni</span> <span class='ocrx_word' id='word_1_51' title='bbox 348 1425 462 1488; x_wconf 78' lang='lat' dir='ltr'>similes</span> <span class='ocrx_word' id='word_1_52' title='bbox 481 1425 598 1485; x_wconf 80' lang='lat' dir='ltr'>tacteus</span> <span class='ocrx_word' id='word_1_53' title='bbox 619 1423 704 1487; x_wconf 87' lang='lat' dir='ltr'>orbis</span> <span class='ocrx_word' id='word_1_54' title='bbox 723 1423 827 1486; x_wconf 87' lang='lat' dir='ltr'>habet.</span> 
     </span>
    </p>
   </div>
   <div class='ocr_carea' id='block_1_4' title="bbox 546 1645 713 1666">
    <p class='ocr_par' dir='ltr' id='par_1_4' title="bbox 546 1645 713 1666">
     <span class='ocr_line' id='line_1_11' title="bbox 546 1645 713 1666; baseline 0.006 -1"><span class='ocrx_word' id='word_1_55' title='bbox 546 1645 713 1666; x_wconf 60' lang='lat' dir='ltr'>fidu—*nubunt</span> 
     </span>
    </p>
   </div>
   <div class='ocr_carea' id='block_1_5' title="bbox 123 1847 1141 2090">
    <p class='ocr_par' dir='ltr' id='par_1_5' title="bbox 123 1847 1141 2090">
     <span class='ocr_line' id='line_1_12' title="bbox 123 1847 1141 1954; baseline -0.004 -23"><span class='ocrx_word' id='word_1_56' title='bbox 123 1853 242 1931; x_wconf 76' lang='lat' dir='ltr'>Altnd</span> <span class='ocrx_word' id='word_1_57' title='bbox 272 1851 429 1931; x_wconf 71' lang='lat' dir='ltr'>nutent</span> <span class='ocrx_word' id='word_1_58' title='bbox 459 1847 727 1954; x_wconf 73' lang='lat' dir='ltr'>Epitaphium,</span> <span class='ocrx_word' id='word_1_59' title='bbox 778 1851 939 1935; x_wconf 60' lang='lat' dir='ltr'>casido</span> <span class='ocrx_word' id='word_1_60' title='bbox 968 1864 1004 1930; x_wconf 82' lang='lat' dir='ltr'>at</span> <span class='ocrx_word' id='word_1_61' title='bbox 1030 1856 1141 1930; x_wconf 72' lang='lat' dir='ltr'>tibere</span> 
     </span>
     <span class='ocr_line' id='line_1_13' title="bbox 499 1991 762 2090; baseline 0 -22"><span class='ocrx_word' id='word_1_62' title='bbox 499 1991 762 2090; x_wconf 78' lang='lat' dir='ltr'>comeriptum&#39;.</span> 
     </span>
    </p>
   </div>
   <div class='ocr_carea' id='block_1_6' title="bbox 55 2154 1285 4037">
    <p class='ocr_par' dir='ltr' id='par_1_6' title="bbox 55 2154 1285 4037">
     <span class='ocr_line' id='line_1_14' title="bbox 124 2154 944 2245; baseline 0.005 -19"><span class='ocrx_word' id='word_1_63' title='bbox 124 2155 305 2237; x_wconf 74' lang='lat' dir='ltr'><strong>Nobilibus,</strong></span> <span class='ocrx_word' id='word_1_64' title='bbox 324 2155 424 2245; x_wconf 60' lang='lat' dir='ltr'>‚siqua</span> <span class='ocrx_word' id='word_1_65' title='bbox 442 2171 489 2227; x_wconf 85' lang='lat' dir='ltr'>est</span> <span class='ocrx_word' id='word_1_66' title='bbox 507 2175 546 2227; x_wconf 77' lang='lat' dir='ltr'>aa</span> <span class='ocrx_word' id='word_1_67' title='bbox 564 2165 654 2239; x_wconf 71' lang='lat' dir='ltr'>taus,</span> <span class='ocrx_word' id='word_1_68' title='bbox 680 2154 835 2227; x_wconf 76' lang='lat' dir='ltr'>natatibus</span> <span class='ocrx_word' id='word_1_69' title='bbox 854 2167 944 2230; x_wconf 68' lang='lat' dir='ltr'>ortua</span> 
     </span>
     <span class='ocr_line' id='line_1_15' title="bbox 197 2263 1066 2353; baseline 0.002 -29"><span class='ocrx_word' id='word_1_70' title='bbox 197 2263 371 2325; x_wconf 84' lang='lat' dir='ltr'>Huttenae</span> <span class='ocrx_word' id='word_1_71' title='bbox 362 2263 478 2347; x_wconf 84' lang='lat' dir='ltr'>msigni</span> <span class='ocrx_word' id='word_1_72' title='bbox 496 2273 656 2347; x_wconf 85' lang='lat' dir='ltr'>stemmate</span> <span class='ocrx_word' id='word_1_73' title='bbox 674 2263 780 2347; x_wconf 77' lang='lat' dir='ltr'>gentis</span> <span class='ocrx_word' id='word_1_74' title='bbox 798 2267 1003 2353; x_wconf 56' lang='lat' dir='ltr'>Eques:z</span> <span class='ocrx_word' id='word_1_75' title='bbox 987 2318 991 2325; x_wconf 93' lang='lat'>.</span> <span class='ocrx_word' id='word_1_76' title='bbox 1023 2322 1029 2333; x_wconf 86' lang='grc'><em>,</em></span> <span class='ocrx_word' id='word_1_77' title='bbox 1060 2332 1066 2345; x_wconf 53' lang='lat'>‚</span> 
     </span>
     <span class='ocr_line' id='line_1_16' title="bbox 124 2343 1030 2461; baseline 0.001 -36"><span class='ocrx_word' id='word_1_78' title='bbox 124 2363 244 2425; x_wconf 80' lang='lat' dir='ltr'><strong>Parvus</strong></span> <span class='ocrx_word' id='word_1_79' title='bbox 263 2372 296 2425; x_wconf 90' lang='lat' dir='ltr'>et</span> <span class='ocrx_word' id='word_1_80' title='bbox 315 2381 398 2446; x_wconf 86' lang='lat' dir='ltr'>aeger</span> <span class='ocrx_word' id='word_1_81' title='bbox 419 2376 537 2438; x_wconf 76' lang='lat' dir='ltr'>eram,</span> <span class='ocrx_word' id='word_1_82' title='bbox 555 2343 613 2426; x_wconf 85' lang='lat' dir='ltr'>sed</span> <span class='ocrx_word' id='word_1_83' title='bbox 630 2386 718 2427; x_wconf 89' lang='lat' dir='ltr'>mens</span> <span class='ocrx_word' id='word_1_84' title='bbox 739 2363 939 2461; x_wconf 70' lang='lat' dir='ltr'>ingentibus</span> <span class='ocrx_word' id='word_1_85' title='bbox 1012 2358 1030 2425; x_wconf 71' lang='grc'>’.</span> 
     </span>
     <span class='ocr_line' id='line_1_17' title="bbox 199 2452 1006 2547; baseline 0.001 -23"><span class='ocrx_word' id='word_1_86' title='bbox 199 2460 350 2525; x_wconf 75' lang='lat' dir='ltr'>Pensavit</span> <span class='ocrx_word' id='word_1_87' title='bbox 371 2461 455 2524; x_wconf 82' lang='lat' dir='ltr'>vires</span> <span class='ocrx_word' id='word_1_88' title='bbox 474 2463 618 2543; x_wconf 83' lang='lat' dir='ltr'>eorporis</span> <span class='ocrx_word' id='word_1_89' title='bbox 635 2457 779 2547; x_wconf 82' lang='lat' dir='ltr'>exiguas</span> <span class='ocrx_word' id='word_1_90' title='bbox 999 2452 1006 2467; x_wconf 80' lang='lat'>&#39;</span> 
     </span>
     <span class='ocr_line' id='line_1_18' title="bbox 126 2508 1200 2647; baseline -0.002 -24"><span class='ocrx_word' id='word_1_91' title='bbox 126 2565 202 2646; x_wconf 81' lang='lat' dir='ltr'>Quae</span> <span class='ocrx_word' id='word_1_92' title='bbox 228 2579 285 2625; x_wconf 84' lang='lat' dir='ltr'>sua</span> <span class='ocrx_word' id='word_1_93' title='bbox 311 2561 352 2620; x_wconf 88' lang='lat' dir='ltr'>de</span> <span class='ocrx_word' id='word_1_94' title='bbox 376 2559 475 2644; x_wconf 77' lang='lat' dir='ltr'>fagis,</span> <span class='ocrx_word' id='word_1_95' title='bbox 502 2553 643 2623; x_wconf 80' lang='lat' dir='ltr'>Francos</span> <span class='ocrx_word' id='word_1_96' title='bbox 662 2565 766 2624; x_wconf 82' lang='lat' dir='ltr'>media</span> <span class='ocrx_word' id='word_1_97' title='bbox 783 2563 866 2622; x_wconf 87' lang='lat' dir='ltr'>inter</span> <span class='ocrx_word' id='word_1_98' title='bbox 884 2565 918 2647; x_wconf 89' lang='lat' dir='ltr'>et</span> <span class='ocrx_word' id='word_1_99' title='bbox 933 2508 1058 2635; x_wconf 62' lang='lat' dir='ltr'>Bonos</span> <span class='ocrx_word' id='word_1_100' title='bbox 1150 2580 1200 2621; x_wconf 72' lang='lat' dir='ltr'>-ts-</span> 
     </span>
     <span class='ocr_line' id='line_1_19' title="bbox 198 2655 1209 2739; baseline -0.003 -17"><span class='ocrx_word' id='word_1_101' title='bbox 198 2655 334 2722; x_wconf 85' lang='lat' dir='ltr'>Nomina</span> <span class='ocrx_word' id='word_1_102' title='bbox 351 2660 460 2735; x_wconf 86' lang='lat' dir='ltr'>habet‚</span> <span class='ocrx_word' id='word_1_103' title='bbox 488 2659 581 2722; x_wconf 90' lang='lat' dir='ltr'>nobis</span> <span class='ocrx_word' id='word_1_104' title='bbox 602 2662 702 2739; x_wconf 86' lang='lat' dir='ltr'>patria</span> <span class='ocrx_word' id='word_1_105' title='bbox 720 2672 805 2723; x_wconf 85' lang='lat' dir='ltr'>terra</span> <span class='ocrx_word' id='word_1_106' title='bbox 824 2659 896 2720; x_wconf 78' lang='lat' dir='ltr'>fuit.</span> <span class='ocrx_word' id='word_1_107' title='bbox 1183 2660 1238 2727; x_wconf 66' lang='lat' dir='ltr'>&#39;f&#39;</span> 
     </span>
     <span class='ocr_line' id='line_1_20' title="bbox 125 2754 1100 2844; baseline -0.002 -21"><span class='ocrx_word' id='word_1_108' title='bbox 125 2764 282 2844; x_wconf 84' lang='lat' dir='ltr'>Quantum</span> <span class='ocrx_word' id='word_1_109' title='bbox 301 2779 339 2822; x_wconf 88' lang='lat' dir='ltr'>ea</span> <span class='ocrx_word' id='word_1_110' title='bbox 358 2763 397 2823; x_wconf 89' lang='lat' dir='ltr'>ab</span> <span class='ocrx_word' id='word_1_111' title='bbox 417 2754 556 2823; x_wconf 81' lang='lat' dir='ltr'>Helvetii</span> <span class='ocrx_word' id='word_1_112' title='bbox 577 2754 732 2841; x_wconf 84' lang='lat' dir='ltr'>disjuncta</span> <span class='ocrx_word' id='word_1_113' title='bbox 752 2765 799 2820; x_wconf 84' lang='lat' dir='ltr'>est</span> <span class='ocrx_word' id='word_1_114' title='bbox 817 2759 923 2820; x_wconf 81' lang='lat' dir='ltr'>littore</span> <span class='ocrx_word' id='word_1_115' title='bbox 943 2760 1100 2843; x_wconf 46' lang='lat' dir='ltr'>itherii„</span> 
     </span>
     <span class='ocr_line' id='line_1_21' title="bbox 198 2853 989 2943; baseline -0.003 -20"><span class='ocrx_word' id='word_1_116' title='bbox 198 2861 298 2940; x_wconf 87' lang='lat' dir='ltr'>Rupit</span> <span class='ocrx_word' id='word_1_117' title='bbox 315 2861 371 2923; x_wconf 91' lang='lat' dir='ltr'>ubi</span> <span class='ocrx_word' id='word_1_118' title='bbox 390 2861 460 2924; x_wconf 87' lang='lat' dir='ltr'>vitae</span> <span class='ocrx_word' id='word_1_119' title='bbox 484 2863 614 2925; x_wconf 84' lang='lat' dir='ltr'>stamina</span> <span class='ocrx_word' id='word_1_120' title='bbox 632 2863 732 2924; x_wconf 87' lang='lat' dir='ltr'>Paroa</span> <span class='ocrx_word' id='word_1_121' title='bbox 751 2853 844 2923; x_wconf 82' lang='lat' dir='ltr'>mea?</span> <span class='ocrx_word' id='word_1_122' title='bbox 987 2933 989 2943; x_wconf 29' lang='grc' dir='ltr'>Ι</span> 
     </span>
     <span class='ocr_line' id='line_1_22' title="bbox 124 2955 935 3042; baseline -0.002 -18"><span class='ocrx_word' id='word_1_123' title='bbox 124 2960 243 3024; x_wconf 85' lang='lat' dir='ltr'>Nunc</span> <span class='ocrx_word' id='word_1_124' title='bbox 234 2977 344 3040; x_wconf 83' lang='lat' dir='ltr'>Jaoeo,</span> <span class='ocrx_word' id='word_1_125' title='bbox 375 2955 469 3024; x_wconf 84' lang='lat' dir='ltr'>aetatis</span> <span class='ocrx_word' id='word_1_126' title='bbox 491 2961 628 3024; x_wconf 84' lang='lat' dir='ltr'>decurso</span> <span class='ocrx_word' id='word_1_127' title='bbox 648 2974 792 3042; x_wconf 84' lang='lat' dir='ltr'>tempore</span> <span class='ocrx_word' id='word_1_128' title='bbox 811 2962 935 3041; x_wconf 70' lang='lat' dir='ltr'>primas,</span> 
     </span>
     <span class='ocr_line' id='line_1_23' title="bbox 197 3059 886 3143; baseline 0.004 -23"><span class='ocrx_word' id='word_1_129' title='bbox 197 3059 260 3121; x_wconf 85' lang='lat' dir='ltr'>Hie</span> <span class='ocrx_word' id='word_1_130' title='bbox 277 3059 333 3121; x_wconf 90' lang='lat' dir='ltr'>ubi</span> <span class='ocrx_word' id='word_1_131' title='bbox 352 3071 503 3143; x_wconf 85' lang='lat' dir='ltr'>congesta</span> <span class='ocrx_word' id='word_1_132' title='bbox 522 3078 596 3121; x_wconf 88' lang='lat' dir='ltr'>saxa</span> <span class='ocrx_word' id='word_1_133' title='bbox 616 3064 760 3124; x_wconf 85' lang='lat' dir='ltr'>levantur</span> <span class='ocrx_word' id='word_1_134' title='bbox 778 3059 886 3123; x_wconf 59' lang='lat' dir='ltr'>humo«</span> 
     </span>
     <span class='ocr_line' id='line_1_24' title="bbox 124 3151 962 3241; baseline -0.002 -19"><span class='ocrx_word' id='word_1_135' title='bbox 124 3155 252 3228; x_wconf 76' lang='lat' dir='ltr'>Artibus</span> <span class='ocrx_word' id='word_1_136' title='bbox 270 3171 303 3220; x_wconf 91' lang='lat' dir='ltr'>et</span> <span class='ocrx_word' id='word_1_137' title='bbox 322 3151 432 3219; x_wconf 89' lang='lat' dir='ltr'>studiis</span> <span class='ocrx_word' id='word_1_138' title='bbox 451 3156 619 3241; x_wconf 83' lang='lat' dir='ltr'>Musarum</span> <span class='ocrx_word' id='word_1_139' title='bbox 639 3163 786 3221; x_wconf 84' lang='lat' dir='ltr'>excultus</span> <span class='ocrx_word' id='word_1_140' title='bbox 806 3152 962 3231; x_wconf 81' lang='lat' dir='ltr'>honestis,</span> 
     </span>
     <span class='ocr_line' id='line_1_25' title="bbox 197 3248 990 3341; baseline -0.006 -21"><span class='ocrx_word' id='word_1_141' title='bbox 197 3257 335 3320; x_wconf 82' lang='lat' dir='ltr'>Miretur</span> <span class='ocrx_word' id='word_1_142' title='bbox 354 3258 498 3333; x_wconf 71' lang='lat' dir='ltr'>Latium,</span> <span class='ocrx_word' id='word_1_143' title='bbox 527 3276 599 3338; x_wconf 83' lang='lat' dir='ltr'>quae</span> <span class='ocrx_word' id='word_1_144' title='bbox 619 3279 752 3341; x_wconf 84' lang='lat' dir='ltr'>quoque</span> <span class='ocrx_word' id='word_1_145' title='bbox 770 3248 886 3335; x_wconf 86' lang='lat' dir='ltr'>scripta</span> <span class='ocrx_word' id='word_1_146' title='bbox 904 3254 990 3316; x_wconf 78' lang='lat' dir='ltr'>dedi.</span> 
     </span>
     <span class='ocr_line' id='line_1_26' title="bbox 126 3354 1027 3440; baseline -0.007 -20"><span class='ocrx_word' id='word_1_147' title='bbox 126 3357 188 3421; x_wconf 87' lang='lat' dir='ltr'>Sed</span> <span class='ocrx_word' id='word_1_148' title='bbox 205 3361 324 3419; x_wconf 80' lang='lat' dir='ltr'>Natura</span> <span class='ocrx_word' id='word_1_149' title='bbox 342 3370 478 3438; x_wconf 85' lang='lat' dir='ltr'>potens,</span> <span class='ocrx_word' id='word_1_150' title='bbox 506 3358 723 3440; x_wconf 82' lang='lat' dir='ltr'>fortunaque,</span> <span class='ocrx_word' id='word_1_151' title='bbox 747 3374 883 3436; x_wconf 85' lang='lat' dir='ltr'>sorsque</span> <span class='ocrx_word' id='word_1_152' title='bbox 901 3354 1027 3435; x_wconf 82' lang='lat' dir='ltr'>sinistra</span> 
     </span>
     <span class='ocr_line' id='line_1_27' title="bbox 199 3449 1231 3548; baseline -0.011 -26"><span class='ocrx_word' id='word_1_153' title='bbox 199 3457 366 3522; x_wconf 86' lang='lat' dir='ltr'>Diversam</span> <span class='ocrx_word' id='word_1_154' title='bbox 385 3482 403 3521; x_wconf 90' lang='lat' dir='ltr'>a</span> <span class='ocrx_word' id='word_1_155' title='bbox 423 3449 527 3521; x_wconf 88' lang='lat' dir='ltr'>Musis</span> <span class='ocrx_word' id='word_1_156' title='bbox 545 3456 678 3537; x_wconf 84' lang='lat' dir='ltr'>perculit</span> <span class='ocrx_word' id='word_1_157' title='bbox 697 3456 743 3518; x_wconf 81' lang='lat' dir='ltr'>ire</span> <span class='ocrx_word' id='word_1_158' title='bbox 762 3455 856 3516; x_wconf 82' lang='lat' dir='ltr'>viam.</span> <span class='ocrx_word' id='word_1_159' title='bbox 1226 3533 1231 3548; x_wconf 78' lang='lat'><strong>.</strong></span> 
     </span>
     <span class='ocr_line' id='line_1_28' title="bbox 55 3549 1144 3641; baseline -0.008 -19"><span class='ocrx_word' id='word_1_160' title='bbox 55 3549 57 3553; x_wconf 9' lang='grc' dir='ltr'><em>Α</em></span> <span class='ocrx_word' id='word_1_161' title='bbox 130 3559 345 3641; x_wconf 81' lang='lat' dir='ltr'>Quorumdam</span> <span class='ocrx_word' id='word_1_162' title='bbox 370 3563 433 3622; x_wconf 86' lang='lat' dir='ltr'>heu</span> <span class='ocrx_word' id='word_1_163' title='bbox 460 3559 579 3640; x_wconf 85' lang='lat' dir='ltr'>pudet:</span> <span class='ocrx_word' id='word_1_164' title='bbox 609 3569 703 3639; x_wconf 90' lang='lat' dir='ltr'>atque</span> <span class='ocrx_word' id='word_1_165' title='bbox 731 3555 866 3632; x_wconf 86' lang='lat' dir='ltr'>utinam,</span> <span class='ocrx_word' id='word_1_166' title='bbox 900 3577 993 3640; x_wconf 90' lang='lat' dir='ltr'>quam</span> <span class='ocrx_word' id='word_1_167' title='bbox 1012 3565 1144 3618; x_wconf 82' lang='lat' dir='ltr'>noverat</span> 
     </span>
     <span class='ocr_line' id='line_1_29' title="bbox 726 3641 1285 3728; baseline -0.004 -10"><span class='ocrx_word' id='word_1_168' title='bbox 726 3667 842 3728; x_wconf 73' lang='lat' dir='ltr'>artem,</span> <span class='ocrx_word' id='word_1_169' title='bbox 1282 3641 1285 3648; x_wconf 35' lang='lat'><strong>¹</strong></span> 
     </span>
     <span class='ocr_line' id='line_1_30' title="bbox 162 3742 853 3820; baseline -0.003 -1"><span class='ocrx_word' id='word_1_170' title='bbox 162 3772 167 3778; x_wconf 90' lang='grc'><strong><em>’</em></strong></span> <span class='ocrx_word' id='word_1_171' title='bbox 201 3752 277 3819; x_wconf 81' lang='lat' dir='ltr'>Non</span> <span class='ocrx_word' id='word_1_172' title='bbox 296 3742 364 3819; x_wconf 79' lang='lat' dir='ltr'>mea</span> <span class='ocrx_word' id='word_1_173' title='bbox 386 3761 536 3820; x_wconf 82' lang='lat' dir='ltr'>mutasset</span> <span class='ocrx_word' id='word_1_174' title='bbox 555 3744 714 3818; x_wconf 80' lang='lat' dir='ltr'>deteriore</span> <span class='ocrx_word' id='word_1_175' title='bbox 732 3775 853 3818; x_wconf 86' lang='lat' dir='ltr'>manus.</span> 
     </span>
     <span class='ocr_line' id='line_1_31' title="bbox 130 3853 1069 3938; baseline -0.001 -22"><span class='ocrx_word' id='word_1_176' title='bbox 130 3854 289 3937; x_wconf 80' lang='lat' dir='ltr'>Quicquid</span> <span class='ocrx_word' id='word_1_177' title='bbox 309 3857 341 3918; x_wconf 90' lang='lat' dir='ltr'>id</span> <span class='ocrx_word' id='word_1_178' title='bbox 362 3869 425 3933; x_wconf 80' lang='lat' dir='ltr'>est,</span> <span class='ocrx_word' id='word_1_179' title='bbox 457 3858 563 3918; x_wconf 85' lang='lat' dir='ltr'>Gallos</span> <span class='ocrx_word' id='word_1_180' title='bbox 583 3866 721 3938; x_wconf 85' lang='lat' dir='ltr'>quatuor</span> <span class='ocrx_word' id='word_1_181' title='bbox 740 3855 887 3919; x_wconf 87' lang='lat' dir='ltr'>stravisse</span> <span class='ocrx_word' id='word_1_182' title='bbox 905 3853 1069 3926; x_wconf 79' lang='lat' dir='ltr'>seroces,&#39;</span> 
     </span>
     <span class='ocr_line' id='line_1_32' title="bbox 202 3953 866 4037; baseline 0.005 -21"><span class='ocrx_word' id='word_1_183' title='bbox 202 3954 336 4018; x_wconf 86' lang='lat' dir='ltr'>Nomina</span> <span class='ocrx_word' id='word_1_184' title='bbox 355 3957 431 4020; x_wconf 79' lang='lat' dir='ltr'>dunt</span> <span class='ocrx_word' id='word_1_185' title='bbox 449 3967 543 4018; x_wconf 78' lang='lat' dir='ltr'>tueor</span> <span class='ocrx_word' id='word_1_186' title='bbox 563 3953 748 4018; x_wconf 74' lang='lat' dir='ltr'>Caesareana</span> <span class='ocrx_word' id='word_1_187' title='bbox 765 3956 866 4037; x_wconf 72' lang='lat' dir='ltr'>juvat·</span> 
     </span>
    </p>
   </div>
   <div class='ocr_carea' id='block_1_7' title="bbox 0 0 1329 4634">
    <p class='ocr_par' dir='ltr' id='par_1_7' title="bbox 0 0 1329 4634">
     <span class='ocr_line' id='line_1_33' title="bbox 0 0 1329 4634; baseline 0 0"><span class='ocrx_word' id='word_1_188' title='bbox 0 0 1329 4634; x_wconf 95' lang='lat' dir='ltr'> </span> 
     </span>
    </p>
   </div>
  </div>
 </body>
</html>
