2670 4628
126 871 260 944 “Pro
285 872 373 945 Ara
399 874 678 970 Coritiana,
714 904 810 973 quae
837 893 908 953 est
932 883 1105 975 Romae,

272 1020 925 1162 .Epigraminata.

575 1263 695 1275 „—

163 1388 196 1474 P
198 1418 354 1497 ropititius
380 1422 541 1502 (piendam
561 1419 690 1483 Cretaeis
717 1423 841 1502 Jupiter
867 1425 947 1499 oris,

236 1520 397 1597 Propitius
418 1521 520 1582 fertur
544 1522 597 1582 Sol
616 1522 769 1584 habitasse
790 1524 906 1587 Rhodi.

162 1619 261 1680 Pallas
280 1621 443 1690 Athenaees
463 1642 598 1700 praesens
618 1623 757 1700 respexit
776 1625 815 1684 ad
834 1647 917 1700 aras,

239 1721 400 1781 Moenalia
417 1721 523 1782 statuit
541 1721 610 1782 Pan
632 1741 688 1782 sua
708 1742 795 1782 sacra
810 1723 899 1804 iugo.

161 1820 269 1880 Thura
287 1822 340 1881 dat
360 1842 510 1903 aequoreo
534 1823 677 1882 'l'enaros
695 1821 868 1904 gratissima
885 1827 964 1906 regi.
1007 1844 1019 1869 ·

235 1921 311 1981 Fert
330 1923 416 1984 luno
437 1921 535 1983 altrici
554 1934 630 1983 vota
648 1942 822 2004 precesque
842 1925 945 1988 Samo.

159 2019 307 2082 Dilexere
327 2022 397 2100 pios
418 2022 580 2085 Phoebeia
599 2022 726 2085 numina
744 2024 903 2104 Delphos,

232 2121 351 2200 Syrtica
370 2124 541 2206 cornigero
559 2124 659 2185 sumat
677 2145 771 2186 arena
789 2125 874 2188 Jovi.

157 2221 319 2302 Praecipue
339 2224 425 2284 Maio
443 2226 584 2312 genitum
604 2224 745 2306 Cyllenia
769 2228 903 2306 placant,
962 2293 965 2301 ,

234 2326 379 2402 Templa,
412 2328 524 2388 Venus
544 2327 662 2406 Paphia
680 2327 813 2388 sustinet
832 2328 911 2390 urbe
931 2328 1002 2390 coli.
1072 2393 1075 2397 ,

155 2424 450 2500 Amplritrioniadeu
467 2426 597 2504 proprie
618 2426 691 2488 colit
710 2427 816 2487 ultima
837 2427 959 2498 Gades,

231 2523 442 2601 Vulcanoquc
461 2524 559 2603 magis
580 2524 712 2584 Lemnia
731 2545 817 2584 sacra
833 2525 930 2586 litant.

155 2621 252 2682 Falsis
272 2620 330 2680 ista
349 2620 444 2694 Deis,
474 2624 560 2693 cultu
578 2622 708 2684 meliore
728 2622 829 2683 <licata
849 2632 911 2697 est,

230 2723 295 2784 Ara
319 2720 481 2782 salutifero
505 2720 667 2783 Coritiana
684 2722 767 2784 Deo.
888 2806 890 2810 Α

155 2822 216 2883 Hic
243 2832 369 2896 natum,
407 2835 602 2906 matremque
626 2844 738 2906 roges,
769 2823 933 2905 aviamque
959 2822 1079 2898 licebit,

230 2923 303 2983 Non
328 2922 422 2984 salsos
443 2947 520 2987 vera
542 2925 697 3006 religione
716 2926 814 2987 Deos.

570 3105 697 3118 ..η

437 3240 544 3312 Pro
598 3241 806 3314 eadem.
866 3328 869 3335 ι

152 3397 313 3461 Coritiena
331 3400 401 3479 pios
420 3402 566 3463 venerari
582 3422 668 3463 sacra
686 3405 813 3482 poetas,

226 3504 334 3585 Atque
354 3524 392 3563 ea
410 3504 598 3567 carminibus
617 3524 741 3582 semper
762 3505 848 3565 adire
867 3503 975 3578 novis,

151 3603 236 3665 Urbe
256 3589 366 3687 aliquis
387 3616 452 3666 tota
471 3605 610 3667 defectas
630 3605 754 3667 vatibus
774 3625 841 3666 aras

223 3706 308 3766 Dum
327 3706 433 3781 videt,
460 3706 608 3782 afficitur,
634 3707 667 3768 in
686 3704 882 3788 dubiumque
903 3716 1006 3766 vocat.

152 3803 215 3880 Qui
239 3807 359 3883 statuit,
389 3819 493 3870 vatum
517 3819 607 3887 pater
633 3819 697 3884 est,
727 3808 787 3870 sibi
809 3806 941 3886 propria
963 3817 1067 3880 rates,

224 3903 342 3970 Desine
361 3909 485 3986 mirari,
517 3911 631 3991 templa
650 3920 763 3971 statuta
784 3910 902 3975 colunt.
