2640 4634
501 258 523 291 1
597 288 601 293 .

370 355 406 433 in
431 338 600 429 venetos*
614 320 941 430 Exhortatoriumss·
1083 369 1145 439 121

836 508 858 529 ·t

140 548 217 616 Hinc
238 562 342 622 sparso
362 549 498 618 Illyricos
517 549 638 609 vastavit
660 547 751 610 milite
769 516 914 627 campos*

210 641 328 699 Viribus
346 642 392 694 his
412 642 498 698 Italas
517 641 605 699 Adria
624 642 710 709 fregit
728 657 812 713 opes.
892 672 911 709 a·

141 733 215 813 Quae
236 743 334 798 tamen
353 734 450 787 oblata
470 743 514 787 est
531 734 609 799 civili
632 735 753 797 occasio
772 736 876 807 bello⁸
896 792 899 797 ,

209 825 300 898 Quod
317 827 445 895 primum
465 826 620 896 ancipitem
638 829 763 896 perdidit
781 816 904 899 ltaliufflq

138 917 213 984 Pars
232 919 353 989 decepta
372 919 447 985 dolis
466 920 618 983 consensit
641 921 669 983 in
693 922 810 991 hospite
831 923 956 991 frustra,

206 1010 282 1070 Pars
301 1020 345 1065 est
362 1029 416 1082 pro
436 1012 526 1082 patria
544 1013 607 1068 aisa
625 1014 744 1083 suisque
762 1015 851 1075 mori.

139 1104 227 1178 Quos
245 1105 283 1159 ita
301 1105 435 1159 diversos
453 1105 557 1168 Veneti
579 1121 756 1176 oppressere
776 1116 910 1174 ruentes,

208 1199 326 1272 Quique
344 1199 457 1266 hostis,
480 1208 593 1254 temere
612 1198 741 1256 creditus
758 1199 890 1268 hospes,
909 1208 981 1269 erat2

138 1292 185 1345 Ad
204 1292 305 1345 Patavi
324 1308 427 1353 muros
446 1291 593 1360 antiquam
615 1291 773 1352 Antenoris
790 1292 897 1352 urbem

205 1384 363 1448 Fulserunt
381 1385 490 1445 Marco
509 1384 659 1454 splendida
678 1384 758 1451 signa
777 1400 843 1440 suo.

140 1477 230 1548 Capta
247 1477 321 1531 urbs
342 1487 385 1530 est
403 1478 496 1546 gentis
516 1486 621 1547 caput,
642 1477 864 1548 extinctumque
881 1487 1030 1545 uetustum

206 1569 261 1626 Est
278 1570 382 1622 Veneti
400 1570 516 1638 generis
535 1586 648 1633 nomen
666 1568 702 1622 ab
720 1570 795 1623 urbe
813 1588 901 1630 nova.

140 1663 290 1722 Successit
306 1663 426 1716 Verona
443 1671 567 1732 potens,
586 1679 710 1732 quaeque
729 1663 836 1732 oppida
853 1664 970 1729 circum

207 1755 344 1831 Belligeri
365 1755 442 1825 ripas
461 1769 580 1818 murum
597 1751 728 1807 habuere
747 1755 877 1823 Athesisr

141 1849 230 1918 Tunc
248 1849 335 1901 etiam
352 1849 443 1917 longo
463 1846 515 1900 sod
534 1847 657 1900 forsitan
675 1846 828 1909 intervallo

208 1943 282 1994 Acta
299 1951 343 1994 est
361 1943 396 1994 ad
413 1940 553 1999 dominos
572 1938 667 2008 ampla
684 1939 826 1994 Ravenna
847 1957 956 2012 novos,

137 2030 264 2090 Mantua
282 2041 388 2097 tentata
406 2042 468 2100 est,
487 2032 576 2086 subiit
595 2033 728 2094 vicentia
746 2031 844 2101 bello²

207 2125 348 2181 Submisit
365 2126 478 2178 lentum
496 2126 597 2189 Brixia
619 2126 744 2195 pulchra
762 2135 859 2197 caput.

139 2220 229 2276 Nulla
248 2220 367 2290 quidem
387 2220 534 2289 antiquam
552 2221 710 2282 cinxerunt
727 2228 822 2284 castra
841 2221 1020 2289 Cremonam
1028 2261 1039 2290 ,Α

209 2313 265 2366 Sed
282 2313 391 2367 misere
411 2313 491 2376 cives
510 2314 668 2366 deseruere
687 2313 742 2368 sui.

139 2405 193 2460 His
211 2403 343 2467 nondum
362 2415 497 2468 contacta
515 2405 592 2461 dedit
610 2422 642 2460 se
661 2402 768 2459 crema
785 2406 948 2476 procellis,

208 2497 278 2553 Inde
296 2497 487 2552 Placentinos
504 2498 600 2550 hostis
619 2497 713 2560 obivit
731 2514 829 2565 agros

140 2589 260 2648 Frustra
280 2590 355 2643 aries
374 2589 488 2659 spissos
506 2586 632 2646 Mutinae
650 2590 821 2651 convellere
840 2606 946 2657 muros

210 2684 340 2737 Conatus
349 2721 358 2749 ‚
377 2681 486 2736 frustra
503 2680 719 2751 Felsineosquc
739 2681 802 2744 fuit.

140 2775 234 2838 Imola
254 2787 325 2829 tunc
342 2775 454 2840 monita
473 2782 534 2841 ost,
561 2770 663 2834 allecta
681 2772 836 2840 Faventia,
867 2774 961 2833 sensit.

207 2868 316 2933 Parma
333 2868 437 2934 dolos,
456 2876 584 2927 structas
601 2864 687 2921 fortis
705 2867 741 2928 ad
761 2866 888 2927 insidias.

141 2961 212 3029 llaec
231 2960 372 3014 Calabras
390 2960 493 3026 urbeis
511 2977 610 3026 arma,
628 2961 694 3023 haec
714 2960 812 3015 adiere
830 2960 977 3031 Sycanas²

209 3053 441 3119 Corneliumque
461 3055 561 3117 forum
571 3091 580 3118 ,
596 3048 868 3124 Flammineamque
888 3055 977 3123 vitun.¹

126 3143 212 3215 Quo
234 3141 460 3207 Mediolanum,
482 3159 541 3212 quo
560 3150 620 3205 tota
638 3144 776 3202 Insubria
794 3146 877 3207 bello,

208 3234 248 3303 Ut
265 3241 422 3304 poterant,
439 3233 533 3286 nullas
551 3249 723 3303 opposuere
740 3233 855 3290 manus.

141 3327 296 3397 Tempore
315 3326 433 3392 diverso
453 3341 502 3379 res
519 3323 573 3379 has
592 3341 729 3393 gessere,
748 3343 804 3380 nec
822 3342 882 3380 uno

208 3419 369 3472 Memento
388 3417 457 3484 tanti
475 3419 536 3471 vim
556 3434 700 3488 peperere
718 3418 797 3473 mali.
973 3488 976 3494 .

140 3506 275 3577 Forsitan
295 3507 426 3575 historiae
446 3511 601 3582 quisquam
620 3511 696 3571 feret
714 3511 818 3571 ordine
836 3510 982 3582 scriptor,

208 3605 275 3657 Nos
293 3612 326 3655 ut
342 3619 374 3656 se
392 3603 521 3667 memori
539 3619 662 3674 quaeque
681 3603 789 3670 dedere
808 3604 917 3670 animo,

140 3694 212 3748 Inde
233 3695 426 3748 Tridentinos
444 3696 540 3766 perdit
559 3697 719 3756 Germania
737 3708 871 3765 mentm,

212 3785 330 3859 Quique
350 3805 455 3854 omnes
472 3787 603 3841 habitant
623 3789 775 3856 montibus
792 3791 839 3845 his
859 3788 1000 3860 populus.¹

143 3879 271 3932 Abstulit
290 3881 425 3950 Illyricos
446 3881 522 3934 idem
541 3881 685 3951 impetus,
704 3881 822 3937 abstulit
843 3883 951 3951 Istros,

212 3972 307 4042 Seque
326 3974 405 4043 dedit
421 3975 517 4038 Verso
535 3975 636 4042 Marte
653 3973 806 4044 Liburnus
824 3991 905 4043 ager„
