2670 4628
466 387 746 486 Epigrammata„
1031 399 1104 472 ·2l9

105 585 247 648 Juratum
267 592 314 641 est
334 580 366 640 in
385 592 416 640 te
438 578 559 655 Cesar,
579 580 704 664 jamque
724 601 807 644 arma
823 593 986 662 parantur,

180 685 228 742 Te
249 693 374 755 contra,
395 693 427 741 et
451 683 535 741 cives
555 682 753 761 expedienda
771 694 853 745 tuos.

104 786 250 846 Incursus
268 794 391 843 terrore
410 781 471 856 tui,
493 779 555 858 jam
575 783 649 843 ilum
670 783 770 843 aerius
788 783 904 844 instans

178 883 322 963 Qualibet
340 884 397 942 lros
416 880 506 964 jungi
526 883 706 945 conditione
724 885 812 945 facis.

104 986 168 1047 Res
187 983 267 1042 bene
286 982 394 1056 habet,
414 983 474 1043 nisi
493 984 574 1064 quo's
596 984 787 1045 committere
805 983 924 1045 foedera
944 985 1049 1070 cogis,

179 1081 304 1164 Cogere
324 1083 443 1146 adhaec
464 1084 578 1144 eodem
597 1082 796 1148 dissoluenda
813 1083 935 1167 nequis.

435 1340 509 1410 De
559 1340 762 1414 eodem.

105 1504 211 1564 Thure
229 1498 312 1576 piate
331 1499 437 1572 Deos,
458 1512 587 1560 onerate
605 1503 709 1563 altaria
727 1501 836 1576 donis,

179 1601 262 1674 Cum
283 1601 409 1657 Veneto
433 1597 538 1658 Gallus
557 1601 727 1661 semileone
746 1603 830 1663 facit.

101 1705 216 1766 Juncta
236 1699 330 1758 semel
351 1694 506 1772 disjuncta
524 1697 578 1757 diu
597 1698 755 1759 discordia
774 1721 907 1762 concors

175 1804 250 1863 Haeo
271 1797 397 1857 tandem
416 1795 522 1856 eximii
539 1816 630 1857 causa
647 1797 761 1858 laboris
781 1797 850 1858 erit.

105 1902 199 1962 Grata
218 1897 277 1959 viri
296 1896 448 1958 solvenda
465 1896 558 1971 Deis,
578 1898 666 1958 eadat
685 1897 803 1971 hostia,
823 1908 908 1959 recte
937 1979 940 1983 ⁸

177 2000 227 2060 Sic
246 2021 316 2061 oum
337 1998 499 2059 Germanis
520 2018 559 2058 an
578 1997 753 2059 dubitamus
773 1997 848 2080 agi?

104 2099 238 2160 Materia
255 2099 376 2180 ingenti
395 2118 464 2158 sese
486 2097 597 2160 obtulit
615 2099 673 2161 ista
692 2100 868 2178 triumpho,

177 2203 269 2261 Nune
287 2201 385 2283 quaeri
405 2201 501 2262 decus
521 2201 598 2275 hoc,
618 2222 703 2262 nuno
721 2203 825 2264 honor
844 2199 903 2261 iste
922 2209 1037 2278 potest.

104 2304 238 2363 'santum
259 2304 307 2378 (ut
327 2323 399 2363 eum
418 2301 549 2362 Venetis
570 2313 707 2363 metuam
725 2322 758 2362 se
780 2298 915 2382 jungere
937 2299 1059 2372 Gallos,

176 2404 284 2483 Atque
302 2402 415 2463 hostile
435 2402 468 2462 in
485 2421 544 2464 nos
564 2421 695 2483 surgere
714 2400 830 2477 foedus)
852 2399 948 2462 abest.

326 2644 562 2717 Hortatur
592 2642 647 2715 ad
679 2666 886 2741 pugnam.

104 2809 331 2893 Pugnandum,
352 2809 518 2890 Euganeas
539 2803 677 2867 concivit
696 2804 734 2867 ab
754 2823 881 2887 aequore
902 2803 1007 2867 Ranas

179 2912 299 2982 Gallus,
320 2920 352 2969 et
372 2908 482 2988 optivo
503 2907 631 2969 nomine
651 2907 782 2968 Marcus
802 2905 899 2967 adest.

102 3010 222 3089 Expuit
241 3009 368 3069 hostiles
388 3019 486 3081 vento
506 3008 619 3069 incitus
639 3007 738 3072 Adria
757 3011 910 3087 spumas,

178 3107 298 3168 Contra
317 3105 479 3188 Aquilam,
499 3105 591 3184 patrii
611 3106 778 3168 murmuris
796 3125 872 3165 usus
894 3123 966 3183 ope.
1037 3158 1039 3161 .

101 3208 167 3269 Res
186 3206 267 3266 bene
285 3206 394 3278 habet,
415 3205 580 3287 sive'hano
599 3224 776 3294 pugnemus
796 3203 830 3263 in
848 3206 921 3262 a'o‘re
940 3217 1094 3281 pugnam,

177 3307 250 3367 Sive
269 3306 302 3368 in
321 3306 428 3389 aquis,
448 3316 532 3366 te'rra
550 3325 607 3365 seu
627 3323 739 3382 capere
758 3321 842 3363 arma
860 3299 960 3378 juvet.

102 3405 212 3469 Penne
230 3407 352 3488 Aquilae
378 3419 580 3488 rostrumque
601 3405 729 3487 ingens,
758 3422 946 3486 unguesque
966 3394 1114 3470 redunci,

173 3510 319 3581 Lumen,
340 3518 371 3566 et
389 3507 518 3568 inverso
540 3508 606 3566 sole
626 3504 758 3586 probata
777 3503 871 3563 acies.

100 3609 216 3670 Pectus
238 3619 268 3668 et
287 3608 449 3690 ingenium
468 3619 499 3668 et
517 3603 674 3687 praestanti
692 3604 811 3666 robore
832 3621 964 3680 corpus,

180 3711 208 3768 T
211 3732 264 3770 um
282 3730 417 3792 regnum
436 3710 497 3771 hoc
516 3707 638 3780 avium,
662 3716 728 3770 tum
746 3703 839 3768 favor
856 3702 907 3764 ille
932 3698 1034 3765 lovis.

103 3809 228 3892 Pugnet
249 3832 366 3894 eques,
387 3819 572 3891 pugnetque
593 3807 707 3886 pedes,
727 3815 793 3866 rate
811 3801 939 3884 naviget
958 3806 1084 3883 aequor,

178 3911 328 3999 Quisquis
347 3911 381 3973 in
398 3908 599 3979 Austriarlem
618 3916 777 3987 comparat
796 3922 880 3968 arma
899 3899 1042 3992 aqtrilaut.

547 4065 686 4082 Μ
