2640 4634
212 392 259 462 32
590 385 738 476 Querel.
765 388 784 458 l.
810 388 837 458 Ι.

213 581 284 637 llaec
303 580 408 634 oculos
430 588 555 650 possunt
573 580 660 632 etiam
679 579 835 632 obcaecare
854 597 999 648 severos,

279 675 329 730 Nc
347 674 481 738 videant,
501 691 565 742 quae
583 675 641 728 sint
659 675 772 743 turpia,
791 673 930 743 quodque
949 674 1073 728 bonum.

214 769 273 842 Qui
295 768 387 821 semel
406 767 470 820 haec
489 766 610 833 sumsit,
631 767 725 819 semel
743 760 807 818 hae'e
829 766 874 819 cui
893 767 955 820 visa
973 768 1083 834 libido,

282 863 407 930 Semper
426 860 515 912 habet
533 861 653 929 cupidas
671 860 803 912 muneris
823 859 870 911 ille
890 876 1005 914 manus·

155 978 157 983 ·
209 955 252 1016 Et
269 954 319 1025 qui
337 953 414 1006 dona
433 952 526 1021 capit,
545 951 616 1005 nihil
638 951 851 1004 inconstantius
870 951 920 1004 illo
931 980 940 1017 ‚-

280 1046 416 1099 Fluctuat
434 1045 462 1096 in
481 1052 597 1113 parim,
619 1044 806 1113 consilioque
825 1044 912 1098 labat.

212 1139 280 1194 Nec
301 1137 375 1189 bene
394 1136 536 1206 possibile
558 1145 602 1189 est
624 1136 706 1189 illum
723 1135 793 1188 dare
807 1135 875 1204 jura
894 1139 1024 1205 roganti,

282 1229 341 1302 Qui
360 1228 425 1298 plus
445 1245 484 1281 ex
501 1246 558 1281 una
577 1239 658 1298 parte
678 1228 790 1281 favoris
808 1228 909 1282 habet.

213 1321 285 1379 Non
304 1323 415 1391 loquor
433 1321 486 1374 ista
506 1329 625 1387 tamen,
645 1320 712 1390 quia
731 1321 766 1372 de
785 1329 814 1373 te
833 1322 968 1391 suspicer
987 1324 1074 1392 illud,

282 1415 352 1487 Quo
375 1412 451 1466 solet
470 1413 496 1465 in
516 1413 604 1480 vulgo
624 1412 747 1482 quilibet
765 1428 830 1466 esse
849 1415 923 1468 levis
932 1435 942 1482 3

213 1507 365 1576 Dejiciunt
383 1505 488 1585 sfaciles
510 1505 636 1572 ingentia
654 1505 772 1558 flumina
791 1523 934 1577 campos,

280 1599 352 1653 Non
372 1598 474 1650 eadem
493 1597 655 1667 scopulos,
675 1613 805 1668 saxaque
824 1600 896 1653 dura
914 1613 1023 1656 ruunt:

215 1693 272 1746 Sed
291 1707 418 1757 vereor,
436 1708 474 1743 ne
493 1679 567 1760 quis'
579 1693 687 1743 noceat
704 1691 793 1759 mihi,
813 1693 943 1764 dumque
962 1712 1016 1764 ego
1037 1699 1164 1769 simplex

208 1801 210 1804 ⁴
280 1784 331 1839 Nil
354 1800 464 1848 coner,
483 1784 589 1836 tacitos
606 1783 731 1836 misceat
749 1784 796 1837 ille
816 1786 914 1841 dolos.

187 1866 189 1871 ¹
216 1879 352 1947 Cumque
371 1876 478 1945 aliquid
499 1876 593 1945 possit
610 1892 742 1944 praesens
763 1878 900 1932 facundia
918 1874 1034 1949 majus,

280 1970 430 2038 Disponat
451 1969 581 2022 monitus
600 1967 631 2036 ¹⁵)
651 1970 820 2045 antevenire
838 1980 935 2026 meos·

216 2062 366 2135 Quidquid
384 2061 413 2113 id
431 2070 491 2128 est,
512 2063 573 2114 dux
591 2079 713 2129 magne,
736 2079 818 2116 meas
835 2081 873 2116 ne
891 2049 1000 2134 sperno
1021 2066 1155 2137 querelas

281 2153 440 2223 Accipiunt
462 2154 590 2208 humiles
609 2156 730 2207 numina
752 2172 856 2224 magna
874 2174 992 2226 preces.

214 2249 311 2317 Atque
331 2263 364 2299 ea
383 2246 419 2299 ab
438 2246 592 2314 innocuis,
612 2257 640 2300 et
657 2257 827 2318 paupertate
845 2258 1021 2316 moventur,

281 2340 321 2393 Et
339 2340 432 2408 magis
451 2356 465 2392 a
483 2339 558 2392 tristi
577 2349 701 2415 pectore
721 2350 791 2394 vota
808 2342 917 2408 legunt.

213 2432 285 2488 Non
304 2444 440 2499 moveat,
458 2433 482 2486 si
501 2451 590 2503 parva
608 2414 682 2489 meda
701 2442 745 2488 est
762 2433 866 2502 injuria
885 2451 998 2503 causae,-

282 2526 338 2581 Sed
357 2535 433 2578 tanta
453 2535 516 2592 est,
536 2527 666 2581 animum
683 2536 779 2595 tangat
796 2534 828 2578 ut
846 2527 893 2581 illa
913 2537 1006 2585 tuum.

214 2623 261 2672 An
279 2619 352 2671 nihil
372 2628 434 2686 est,
454 2637 519 2690 quae
538 2628 569 2672 tu
587 2640 642 2692 pro
663 2623 798 2678 libertate
818 2623 930 2690 tueris,

282 2711 353 2765 Haec
372 2712 499 2782 aliquem
518 2714 589 2767 citra
609 2724 816 2768 contemerare
835 2715 944 2769 fidem?

213 2803 330 2875 Jusque
350 2805 448 2858 datum
467 2807 548 2875 regni
567 2816 665 2860 sumto
683 2807 795 2859 violare
815 2807 938 2871 furore,

281 2898 379 2964 Atque
399 2897 441 2950 ire
463 2899 490 2950 in
509 2899 609 2966 legeS,
625 2896 841 2965 imperiumque
860 2899 966 2951 tuum?

214 2988 285 3044 Haec
304 2989 328 3042 si
347 3006 436 3058 parva
454 2991 507 3045 tibi
526 2989 621 3060 posita
639 2988 777 3056 gravitate
795 2988 948 3056 videntur,

282 3073 321 3133 Et
338 3092 423 3151 potes
443 3086 505 3154 ipse
523 3082 579 3134 tuis
598 3081 706 3152 obvius
725 3080 766 3133 ire
786 3081 888 3135 animis
897 3101 907 3150 3

214 3171 308 3226 Paulo
329 3173 438 3241 aberit,
458 3175 573 3243 quaudo
593 3175 704 3241 populo
722 3177 872 3246 sperneris
893 3178 1018 3246 abillo,

284 3264 384 3339 Quem
405 3283 482 3319 nunc
499 3264 626 3332 legitimi
647 3265 817 3322 conditione
836 3280 940 3339 tenes3
1009 3280 1014 3287 '

214 3356 309 3412 Paulo
329 3359 442 3424 aberit,
460 3365 508 3410 tua
527 3374 596 3410 cum
614 3358 721 3412 violata
740 3359 879 3417 industria
897 3379 988 3434 pace,

282 3451 346 3504 Fiet
363 3450 492 3504 finitimis
514 3450 658 3504 invidiosa
674 3453 762 3506 locis·

215 3541 327 3615 Magna
352 3553 395 3596 est
413 3541 563 3610 impieta8‚
582 3544 632 3613 qui
651 3544 768 3613 publica
783 3546 850 3612 jura
868 3545 1021 3615 profanat,
1064 3544 1067 3549 ’
1159 3586 1166 3593 .

283 3637 355 3690 Non
372 3634 487 3699 levior,
505 3633 568 3687 ficri
618 3636 637 3686 ri
656 3637 724 3689 sinit
743 3638 813 3704 ista,
832 3648 940 3691 tamen.

216 3727 265 3781 Tu
284 3745 322 3780 nc
341 3727 427 3794 igitur
445 3737 503 3779 tam
522 3727 618 3794 durus·
652 3730 784 3795 risstam
805 3732 937 3794 ferreus,
959 3729 1094 3801 inquam,

174 3806 177 3819 ⁵
282 3821 321 3874 Ut
339 3821 437 3889 possis
455 3818 554 3891 patriae
573 3837 626 3874 nes
658 3839 692 3876 us
712 3839 778 3876 esse
801 3823 881 3876 tuae?

251 4002 272 4052 *l
291 4002 318 4047 Iu
336 4002 377 4048 der
395 3999 556 4054 Drucksciuift
575 3986 658 4054 staudqJ
675 4004 780 4057 lortius.
825 4025 828 4028 “
