2640 4634
199 324 246 400 M
552 317 854 409 Qmfflmd.i

130 555 135 563 -
198 518 293 582 Huic,
309 513 360 568 ubi
376 521 461 567 natus
482 518 560 580 erat,
580 529 640 581 quo
658 509 698 562 nil
717 512 865 566 crudelius
885 521 972 581 esset,

265 607 452 678 Dispositrix
470 606 535 658 vitae
554 615 643 658 saxea
663 605 754 658 corda
773 606 860 661 dedit.

198 704 270 759 Haec
290 717 426 772 queror,
450 717 467 750 ο
486 697 604 766 Superi!
625 697 771 768 donisque
790 699 825 750 ad
842 699 952 767 templa
972 702 1071 755 relatis

266 796 357 848 Ferre
379 792 441 862 pias
455 791 534 859 justa
553 806 608 844 vos
627 807 739 860 precor
756 808 828 843 aure
845 807 967 861 preces:

113 928 114 931 ,
200 887 300 957 „Dura
319 887 414 951 ferat,
436 884 484 953 qui
504 883 575 936 dura
596 882 693 950 dedit,
712 884 821 953 quique
835 884 968 954 ,undique
987 886 1076 950 saevit,

267 980 380 1032 Cuncta
401 976 528 1042 habeat,
549 992 613 1045 quae
632 976 690 1028 sint
706 991 806 1042 saeva,
825 975 961 1044 inimica,
982 977 1059 1030 sibi!

198 1073 252 1128 Ille
269 1087 352 1125 meas
372 1069 492 1134 febres,
512 1068 558 1121 iile
576 1068 697 1121 horrida
716 1069 838 1121 vulnera
857 1079 963 1136 sumat,

267 1164 320 1216 Ille
340 1164 414 1214 ferat
433 1177 539 1227 casus,
564 1161 667 1214 ordine
686 1178 857 1240 quemque,
875 1163 993 1216 meos!“

179 1256 357 1326 ·1mprecor
375 1255 428 1307 ista
447 1254 585 1323 quidem,
604 1254 654 1306 sed
674 1254 780 1307 adhud.
788 1255 924 1321 graviora
941 1264 1092 1324 meretur;

269 1346 376 1400 Omnia
397 1354 464 1399 sunt
482 1353 586 1400 vestrae
606 1345 702 1399 debita
716 1346 855 1414 justitiae!

507 1949 901 2082 Elegiall.

418 2195 1031 2301 FacinusLossM3

535 2408 818 2463 f...........'.,.

201 2601 349 2712 Tempus
369 2651 449 2711 erat,
477 2660 536 2716 quo
557 2653 626 2715 post
645 2644 751 2699 ductos
771 2659 809 2697 ex
828 2644 931 2698 ordine
948 2661 1065 2699 menses
1116 2637 1122 2650 “

270 2737 403 2806 Octupes
423 2738 563 2798 occiduas
582 2751 692 2790 cancer
709 2737 799 2789 inibat
817 2752 906 2804 aquas
915 2757 925 2803 ,-

200 2827 336 2898 Undique
354 2828 399 2880 vis
416 2827 522 2880 hiemis
541 2828 660 2897 rapidos
680 2828 900 2880 constrinxerat
924 2844 1035 2895 amum,

218 2925 221 2927 ’
267 2920 403 2989 Undique
423 2928 582 2971 concretus
602 2918 713 2985 frigore
733 2926 842 2987 pontus
862 2929 943 2985 erat3

140 3021 144 3026 “
199 3012 314 3079 Etjum
332 3012 497 3079 digressum
514 3011 685 3065 Pomeruna
704 3027 743 3063 ex
760 3010 836 3064 urbe
857 3012 1009 3082 parabam,

266 3103 387 3158 Durum
406 3118 497 3173 epm,
528 3112 555 3156 et
572 3088 696 3155 nimium
719 3105 832 3158 viribus
853 3123 922 3159 acre
940 3107 1025 3159 meis.

199 3197 323 3252 Vertere
343 3197 398 3250 iter
415 3197 529 3267 potuit,
548 3197 572 3251 si
589 3197 701 3263 vellet,
719 3199 849 3252 Loesius
866 3199 949 3266 illud,

268 3291 344 3345 Huic
363 3307 417 3358 ego
437 3299 508 3344 tunc
526 3299 624 3346 sumto
645 3290 764 3346 debitor
784 3308 841 3344 aere
865 3293 923 3345 fui:

202 3382 257 3435 Sed
277 3384 364 3451 petii,
383 3393 414 3436 ut
432 3383 561 3451 sineret,
578 3399 677 3453 neque
697 3383 775 3436 enim
789 3383 852 3450 jam
870 3384 995 3437 reddere
1015 3395 1148 3451 possem,

268 3482 429 3556 Fortunam
448 3479 567 3533 alterius
585 3495 633 3531 me
652 3477 779 3534 subiisse
798 3476 875 3542 loci;

201 3573 267 3627 Sive
286 3573 355 3642 quid
373 3572 490 3639 ingenio
510 3571 684 3640 quaesitum,
710 3569 772 3622 sive
791 3584 844 3637 per
862 3577 950 3632 artes,

269 3664 338 3738 Quo
358 3679 479 3734 possem
499 3663 585 3716 lucro
604 3663 728 3717 reddere
749 3670 844 3714 sumta
862 3660 939 3714 viro.

199 3757 310 3812 Annuit
329 3764 357 3809 et
375 3755 465 3809 dixit:
486 3755 566 3823 quod
585 3753 666 3818 abis,
685 3753 722 3807 ita
740 3755 818 3807 forte
837 3766 963 3806 necesse
982 3760 1025 3801 est
1032 3769 1041 3815 3

268 3850 349 3918 Ergo
369 3847 421 3900 tibi
444 3845 560 3899 dabitur
577 3861 638 3896 non
658 3847 790 3914 potuisse
809 3845 888 3898 satis,

202 3942 267 3996 Sive
285 3942 377 4008 doli5‚
397 3949 482 4008 atque
500 3939 565 3990 haec
584 3937 719 3990 simulata·
739 3947 838 3992 mente
856 3937 990 4011 locutus,

199 4076 201 4080 »
269 4035 335 4089 Sive
354 4035 391 4088 ita
409 4049 466 4106 pro
485 4031 591 4089 mentis
609 4029 772 4084 mobilitate
791 4045 862 4082 sure.
