2670 4628
551 388 759 465 Hernicum.

156 580 313 634 Romanas
328 581 408 634 acies
427 580 505 635 miro
525 581 689 640 Germania
706 595 791 641 motu

157 673 393 747 Quintiliumque
413 675 521 728 ducem
539 677 720 746 conciderit,
743 681 820 735 unde
838 680 977 739 birostrae

157 768 341 835 Contigerint
363 768 495 837 Aquilae,
514 771 639 824 traducti
659 772 780 841 insignia
801 777 898 846 regni,

154 861 388 930 Excussumque
403 861 529 934 jugum,
546 880 608 917 non
628 875 740 919 tantum
757 867 823 921 baeo
841 879 979 941 tempora
997 879 1139 937 nossent,

156 954 227 1029 Quo
248 955 435 1007 tunc'Roma
453 966 534 1007 metu
552 966 727 1011 nostrorum
749 963 902 1030 expaverit
919 963 988 1018 iras.
1052 958 1055 963 ’

154 1046 282 1101 Praemia
300 1064 365 1116 quae
385 1046 477 1114 bclii,
501 1064 557 1099 nec
576 1066 636 1101 non
656 1067 713 1121 qua
731 1051 816 1105 laude
834 1053 998 1121 Cherusci,

154 1141 200 1194 Re
220 1139 297 1192 bene
317 1154 386 1193 utne
404 1152 485 1208 gesta
504 1141 641 1209 tulerint,
666 1153 695 1195 et
712 1143 805 1211 gioria
823 1161 888 1214 quae
907 1144 945 1198 sit

153 1233 299 1303 Ereptum
320 1233 476 1303 imperium
487 1273 496 1300 ,
515 1250 691 1304 compressa
710 1236 851 1306 superbia
870 1239 962 1292 fastus

154 1326 264 1392 Italici,
283 1327 461 1396 pulsumque
482 1328 566 1379 nefas
577 1368 585 1394 ,
605 1338 636 1381 ut
653 1328 747 1381 libera
765 1332 883 1383 tandem

155 1421 184 1474 Τ
187 1429 293 1471 eutona
311 1437 383 1486 gens
401 1421 493 1472 salsos
512 1430 616 1489 posset
634 1422 731 1474 ridere
750 1422 935 1494 triumphos,

156 1512 242 1585 Quos
263 1513 319 1580 egit
339 1514 446 1580 Caligae
464 1525 552 1567 notus
574 1512 754 1583 cognomine
778 1517 899 1585 Caesar,

155 1606 263 1672 Tunc,
284 1604 334 1657 ubi
354 1622 385 1658 sc
405 1606 508 1657 rutulis
529 1606 682 1675 aequabant
699 1608 782 1676 nigra
801 1611 914 1680 capillis

156 1699 329 1767 Tempora,
349 1709 377 1750 et
395 1697 537 1750 Ausoniis
556 1698 719 1751 stridebant
737 1699 865 1753 barbara
884 1702 989 1769 linguis

153 1791 333 1858 Murmura,
352 1790 403 1843 ubi
424 1806 530 1842 currus
551 1790 685 1843 simulata
703 1791 837 1859 trophaea
857 1793 985 1861 pudendi

153 1885 239 1940 Pone
257 1883 477 1956 sequebantur,
501 1882 719 1952 [ingentemque
738 1882 791 1936 ista
807 1884 930 1953 praeibat

154 1977 246 2032 Plebs
266 1995 317 2031 sua
335 1978 483 2031 victorem
494 2017 503 2044 ,
523 1975 709 2032 Germanum
728 1975 836 2029 imitata
854 1993 1021 2034 susurrum.

155 2071 227 2125 Non
244 2070 309 2123 haec
328 2074 479 2126 clarorum
500 2082 606 2141 praeter
623 2079 667 2123 tot
685 2069 774 2123 miliia
793 2080 909 2141 patrum

156 2162 279 2230 Cognita
298 2165 373 2219 facta
394 2167 494 2219 forent
505 2205 513 2231 ,
533 2165 679 2217 sciremus
698 2173 730 2216 ut
748 2163 852 2217 ordine
870 2172 971 2232 gesta,

153 2255 193 2310 Et
210 2273 274 2323 quae
293 2257 371 2312 belia
391 2258 486 2324 sient,
510 2274 567 2310 nec
586 2272 660 2326 gens
678 2266 791 2312 tantum
808 2259 867 2311 uila
887 2259 1023 2328 loquacis
1088 2280 1091 2296 ν

155 2349 306 2403 Scriberet
325 2350 469 2404 historiae.
505 2350 596 2408 Nune
616 2367 685 2402 cum
704 2352 804 2403 faeere
825 2351 936 2420 ineiyta
953 2350 1060 2416 nobis,

154 2443 293 2496 Scribere
313 2458 381 2494 sors
401 2440 466 2493 aliis
485 2441 615 2507 dederit,
637 2442 799 2496 Germania
820 2452 914 2496 tantas

153 2533 322 2589 Perdiderit
339 2546 470 2600 pugnas,
493 2541 521 2583 et
538 2548 603 2600 quae
623 2533 787 2584 clarissima
805 2536 957 2601 quondam

155 2625 295 2679 Confeeit
306 2663 315 2689 ,
334 2624 462 2686 lateant,
481 2620 611 2675 obseura
631 2622 658 2674 in
677 2622 757 2674 nube
776 2623 907 2690 feratur,

155 2720 230 2793 Quae
250 2715 383 2788 patribus
401 2715 495 2768 virtus
515 2714 585 2782 fuit,
612 2722 660 2768 aut
678 2731 742 2786 quae
763 2715 867 2782 gioria.
905 2715 1005 2769 Nemo

153 2812 256 2867 Possit
276 2810 312 2863 ab
332 2805 452 2875 antiquo
473 2803 656 2862 Germanam
677 2809 838 2862 extendere
855 2808 993 2874 laudem,

155 2905 313 2971 Attigerint
330 2902 429 2955 nullos
448 2909 584 2954 veterum
603 2900 786 2955 monimenta
803 2911 929 2972 nepotes
939 2941 947 2967 ,

155 2998 249 3065 quue
269 3012 373 3048 errore
393 3002 520 3061 patrum.
556 2994 705 3063 Nosque
723 3011 761 3048 ne
782 2994 895 3048 oblivio
914 2992 1009 3047 nostri

157 3087 321 3157 Temporis
341 3087 504 3150 obscuret,
527 3085 551 3138 si
570 3085 639 3154 quid
658 3086 854 3140 memorabile
873 3095 987 3153 gestum
1009 3086 1071 3150 cst,

156 3179 296 3232 Scribere
317 3188 484 3242 tentemus,
509 3176 680 3246 cultumque
700 3177 846 3230 inhiemus
868 3178 902 3230 ad
921 3178 1028 3242 istum,

154 3274 253 3343 thue
272 3273 330 3325 hac
350 3285 416 3323 esse
436 3269 508 3322 olim
527 3268 677 3339 possimus
695 3269 781 3322 laude
799 3269 941 3340 superbi,

153 3365 238 3433 Bella
258 3363 459 3430 remittamus,
483 3371 683 3434 quantumque
703 3380 718 3415 a
736 3362 836 3416 Marte
855 3362 974 3429 iicebit,

156 3460 231 3513 Ocia
249 3459 428 3523 Musarum,
452 3464 481 3509 et
498 3453 629 3526 placidas
648 3455 804 3524 vigilemus
824 3455 858 3507 ad
876 3462 974 3521 artes,

157 3553 196 3605 Ut
213 3569 275 3605 non
294 3551 331 3604 sit
348 3550 474 3615 mirum,
495 3548 519 3602 si
540 3547 658 3615 segnius
678 3565 759 3601 arma
778 3548 921 3602 feramus.

158 3646 227 3701 Nee
246 3646 370 3698 ferimus
389 3657 494 3711 segnes
504 3682 514 3711 ,
533 3641 676 3712 quiajam
694 3640 850 3710 prudentia
869 3641 986 3708 major,

156 3741 219 3790 Aut
238 3740 323 3791 furor
341 3746 386 3791 est
404 3736 516 3802 levior,
536 3752 594 3787 nec
612 3735 677 3804 quis
697 3751 752 3787 nos
771 3741 919 3803 provocet
937 3734 1051 3801 hostis,

160 3831 286 3897 Contigit
307 3830 353 3884 his
373 3829 484 3894 armis,
503 3828 527 3879 si
546 3827 611 3897 quis
629 3828 732 3894 volet,
751 3827 858 3879 inferat
875 3826 974 3893 ultre,

158 3922 214 3973 iiis
233 3921 345 3974 bellum
364 3922 505 3993 populis,
524 3919 658 3989 requiem
677 3928 826 3989 tentetque
846 3918 999 3990 supinam,

159 4013 271 4068 Sentiet
287 4014 411 4070 ultrices
428 4014 457 4069 in
477 4022 509 4069 se
529 4030 712 4070 concurrere
730 4012 809 4067 vires
819 4050 829 4080 ,
895 4041 898 4046 ·
