2640 4634
113 318 116 325 ¹
210 363 273 432 no
484 363 485 368 ‘
562 297 847 454 Epigrammata.

150 534 153 540 ¹
184 517 185 521 Ἴ
226 554 565 644 Ad'Caesarem,
592 492 957 670 de'prdl'li-gatis
981 553 1214 628 Venetis*

276 714 494 780 Debebmsibi
513 713 633 776 nobiles
658 724 817 792 tyrannos,

263 813 422 878 ¹Debebat
439 814 496 875 tibi
516 833 584 874 sors
605 813 691 873 viros
709 814 891 896 ducesque,
919 802 923 807 ⁵
949 811 951 815 ’

277 916 417 978 Invictos
436 915 539 976 animo
558 911 668 975 feroce
686 933 798 995 reges,

279 1016 375 1077 Gesta
393 1035 429 1075 re
448 1012 581 1088 celebri,
601 1012 804 1095 potentiaque

278 1115 448 1190 Sublimes,
467 1113 526 1175 tibi
543 1113 652 1174 debuit
670 1111 844 1195 triumphos

276 1217 326 1278 De
345 1214 463 1277 virtute
483 1213 565 1293 pari,
586 1216 643 1275 scd
661 1224 698 1282 ut
716 1212 838 1276 serebat

274 1310 423 1379 Fortunio
442 1314 551 1389 lavor,
572 1326 666 1396 atque
685 1313 813 1396 iniquus
832 1333 940 1387 error,

275 1417 461 1496 Quanquam
498 1422 506 1487 ᾗ
567 1432 608 1480 oo
625 1412 761 1494 aliquid,
786 1411 842 1473 tibi
862 1413 1004 1473 relictum
1024 1423 1091 1490 est,

274 1514 358 1575 Dum
376 1412 632 1681 puniarffios
653 1511 888 1592 superbientes,
1176 1533 1179 1543 ·

273 1605 447 1675 Alauduni
497 1598 529 1683 ”s
560 1616 564 1621 '
598 1612 727 1674 'decore
747 1613 822 1674 tolli.

354 1911 404 1984 In
429 1936 633 2011 pugnam
658 1914 1038 2010 Cremonensem.

188 2060 251 2134 Ὧν
270 2058 382 2139 ῧρριςτε
402 2068 483 2138 βίητε
505 2060 620 2147 saddesor
641 2063 755 2149 οὐρανόν
775 2062 855 2132 ἥκει,

267 2164 309 2224 Et
328 2163 383 2243 qui
402 2156 467 2225 ntin
485 2163 643 2239 homines,
665 2186 731 2226 non
749 2164 882 2249 timuere
903 2165 1005 2226 deos..

193 2261 262 2322 Hac
280 2261 397 2323 Veneti
416 2282 542 2323 servare
563 2266 659 2327 fidem
680 2267 721 2327 de
741 2265 826 2326 clade
846 2275 1031 2340 monentur,

269 2362 440 2445 Ruptaque
460 2362 594 2444 profuso
615 2365 767 2448 sanguine
787 2375 877 2447 pacta
893 2365 993 2427 luunt.

190 2661 444 2735 Bombardae
476 2687 499 2735 a
524 2664 744 2736 Germanis
769 2687 909 2760 pugna
934 2663 1210 2736 Ravennensi

576 2794 823 2880 receptae

193 2932 355 2994 Gallorum
373 2942 528 2993 tormenta
547 2951 673 3007 sumus,
695 2933 871 2994 Germanus
888 2933 1019 3007 ademit,

269 3032 437 3112 Quondam
458 3030 540 3094 hosti
564 3031 682 3108 victor,
712 3054 797 3095 nunc
816 3034 952 3096 reddidit
972 3034 1075 3096 victor
1094 3035 1207 3100 amieo.

241 3331 421 3403 Obsessus
444 3354 465 3401 a
491 3329 599 3403 Gallis
625 3355 708 3404 cum
733 3333 884 3406 salutem
912 3333 1156 3431 desperasset.

192 3478 255 3559 Qui
275 3479 388 3542 misere
407 3491 498 3541 natus
517 3480 690 3544 miserabile
708 3481 828 3542 transiit
849 3504 965 3558 aevum,

267 3578 355 3656 Saepe
373 3582 486 3642 malum
504 3591 588 3642 terra
607 3600 752 3664 saepeque
773 3602 881 3661 passus
901 3582 1001 3664 aquis.

191 3677 253 3739 Hic
272 3676 353 3758 jacet
370 3681 541 3744 Huttenus.
580 3681 660 3762 Galli
678 3681 722 3743 nil
740 3682 800 3742 tale
818 3682 951 3773 merenti

266 3778 427 3841 Insontem
445 3780 553 3863 gladiis
573 3781 719 3861 eripuere
738 3782 944 3853 animama-

192 3877 225 3942 Si
243 3878 303 3940 luit
322 3879 383 3938 hoc
400 3879 499 3961 fatum
518 3881 581 3942 vita
598 3868 780 3965 torquerior
801 3872 921 3956 omni,¹¹

267 3976 469 4042 Censondum
488 3991 535 4040 est
553 3991 638 4042 recte
658 3981 865 4062 procubuisse
886 3979 959 4041 cito·
