2640 4634
212 389 283 439 neu
385 364 388 370 ’
417 363 741 464 Chronologisches
766 365 1012 439 Verzeichniss

214 516 412 654 Schriften,
456 562 591 636 welche
633 562 769 634 Hutten
806 559 871 631 mit
907 565 1050 660 grosser
1086 550 1216 637 Wahr·

332 675 603 759 scheinlichkeit
626 685 912 781 zugeschrieben
937 687 1097 758 werden.

250 857 280 931 a)
300 856 493 936 Epistolre
515 854 782 916 obscurorum
801 855 990 917 virorum.
1029 857 1122 917 Tom.
1146 855 1188 918 ΙΙ.

248 956 438 1032 leutius
460 957 666 1016 exclusus.
704 954 866 1037 Dialogus.

250 1057 279 1132 c)
299 1057 464 1137 Dialogi
483 1067 635 1135 septem
654 1075 838 1138 perquam
855 1056 1016 1118 festivi:

359 1157 498 1218 Momus.
517 1195 554 1207 -
577 1153 721 1217 Carolus.
741 1178 791 1208 -*
905 1230 908 1243 y

360 1255 511 1330 Pietatis,
532 1267 563 1315 et
585 1254 818 1334 superstitionis
837 1276 954 1336 pugna.

360 1355 610 1418 Conciliabulum
638 1353 911 1434 Theologistarum
934 1353 1084 1418 adversus
1107 1351 1218 1411 bonar.
1262 1381 1266 1391 ,

292 1477 294 1482 ’
358 1454 518 1514 literarum
536 1451 706 1513 studiosos.

358 1553 678 1634 Apophtegmata
706 1550 888 1625 Vadisei‚
931 1562 962 1611 et
992 1535 1216 1633 Pasquilli‚

362 1653 401 1712 de
423 1654 592 1731 depravato
613 1651 759 1713 Ecclesiae
780 1662 872 1712 statu.

359 1753 518 1814 Huttenus
538 1751 689 1831 captitiis.
708 1779 747 1800 -
765 1753 925 1812 Huttenus
944 1750 1079 1812 illustris.

141 1870 145 1875 '
246 1853 282 1931 d)
302 1852 511 1920 Oratioad
537 1849 725 1914 Carolum
747 1851 955 1913 maximum
972 1851 1215 1934 Augustum,

305 1956 318 1982 “¹
359 1965 392 2013 et
430 1952 650 2028 Germaniae
694 1951 931 2031 Principes,
969 1945 1045 2030 'pro
1089 1950 1216 2011 Ulricho
1283 1996 1287 2002 .

359 2055 502 2118 Hutteno
533 2053 709 2128 Germano,
763 2065 795 2114 et
826 2053 1218 2127 MartinoLuthero‚
1275 2093 1276 2097 =

360 2154 465 2234 patrico
503 2165 536 2213 et
579 2153 748 2216 christianae
788 2153 939 2215 libertatis
984 2154 1218 2228 adsertoribus,
1268 2230 1272 2237 .

360 2256 505 2316 Authore
525 2254 557 2317 S.
581 2255 737 2333 Abydeno
759 2253 905 2324 coratio,
926 2254 1094 2316 Germano.
1120 2263 1128 2317 f

127 2390 129 2395 s
247 2355 279 2432 e)
302 2354 453 2422 Oratio
483 2355 523 2417 ad
564 2353 724 2419 Christum
756 2355 830 2435 Opt.
868 2355 957 2417 Max.
993 2374 1066 2434 pro
1107 2353 1218 2415 Julio

359 2454 530 2537 Liguro.
656 2475 658 2479 ·

247 2556 282 2632 l)
302 2556 351 2617 De
371 2576 438 2617 non
457 2555 637 2634 apostolicis
657 2555 856 2638 quorundam
873 2554 1026 2617 moribus.

246 2657 282 2738 g)
303 2655 459 2736 Nicolai
496 2655 728 2737 Clemangis
770 2655 946 2719 Archidiac.
981 2653 1149 2733 sajorum
1180 2651 1220 2712 de

361 2768 511 2834 corrupto
533 2756 670 2817 ecclesiae
691 2753 782 2818 statu.

220 2912 222 2923 ,
247 2855 280 2930 h)
299 2855 366 2916 Dcr
402 2857 522 2916 sechste
551 2855 772 2933 Bundsgenols
808 2853 987 2914 Encomion
1021 2850 1128 2912 Mori'a'
1155 2872 1220 2912 von

360 2958 507 3016 Erasmus
521 2955 791 3027 Rotherodamus‚
810 2955 931 3014 teutsch
950 2954 1102 3035 gemacht.

248 3055 279 3135 i)
303 3056 412 3119 Oratio
440 3054 616 3118 Constantii
642 3054 759 3115 Eubuli
776 3053 957 3115 Moventini
981 3054 1029 3114 de
1062 3052 1221 3113 virtute

360 3155 547 3231 clavium,
568 3167 599 3215 et
624 3132 748 3217 Buttd
768 3152 1222 3219 condemnatoria.Leo-

362 3257 424 3327 nis
444 3256 592 3320 decimi
612 3268 722 3318 contra
741 3256 837 3318 Mart.
855 3256 1042 3317 Lutherum.

211 3459 261 3530 W
264 3461 371 3547 eike,
406 3461 541 3530 welche
567 3459 631 3530 mit
656 3457 846 3558 geringer‚
885 3458 977 3528 oder
1001 3476 1067 3554 gar
1091 3454 1221 3526 keiner

256 3576 645 3651 Wahrschcinlichkeit
660 3582 798 3664 Hutten
812 3577 995 3677 beigelegt
1010 3579 1171 3650 worden.

212 3772 295 3836 1518.
315 3772 496 3851 Epistola
517 3772 563 3832 de
582 3772 791 3852 Magistris
813 3775 967 3833 nostris
985 3769 1216 3832 Lovanien·

321 3894 326 3899 ·
364 3871 490 3946 sibus,
525 3884 605 3957 quot
628 3883 660 3932 et
681 3874 788 3952 quales
815 3874 891 3945 sint,
927 3870 1041 3953 quibus
1069 3870 1219 3931 dehemus

362 3973 568 4056 magistralem
585 3974 668 4034 illam'
685 3971 912 4036 damnationem
932 3971 1162 4032 Lutherianam.
