2640 4634
149 345 219 416 216
515 338 796 435 Epigrammata.

149 530 218 591 Ver
227 503 365 604 iterum,
384 528 487 612 gelida
504 528 603 592 movit
622 549 655 588 se
674 539 787 591 ventus
806 527 845 588 ab
862 529 979 604 Arcto.

222 630 338 690 Nescio
360 629 446 711 quis,
467 628 572 692 subito
591 628 654 714 lilia
671 631 766 691 flacco
780 627 894 705 jacent.

148 732 190 793 Et
207 731 355 792 miramur
375 728 492 802 adhuc,
512 750 581 809 quae
599 727 661 808 jam
680 730 778 789 breve
796 725 1015 790 lilia'florent?

224 828 310 911 Quin
328 827 456 895 sinimus
476 827 579 894 dubiis
597 829 691 896 rebus
709 827 825 895 habere
843 829 947 893 fidem.

582 1007 721 1022 m

194 1144 258 1213 De
286 1098 513 1216 Gallorum
539 1138 879 1242 etllenetorum
904 1136 1110 1215 amicitia.

144 1301 254 1367 Aurea
274 1303 356 1362 secla
374 1301 487 1361 iterum
505 1299 655 1372 redeunt,
677 1297 819 1359 Saturnia
837 1318 946 1380 regna.

221 1403 314 1464 Nune
336 1398 463 1460 Cumaea
481 1397 539 1457 tihi
557 1409 604 1456 est
621 1397 702 1459 lacta
721 1398 835 1475 Sybilla
854 1399 943 1459 fides.

146 1497 230 1563 Cum
248 1498 376 1559 canibus
395 1495 495 1557 timidi
515 1496 644 1557 venient
664 1498 703 1558 arl
722 1500 835 1576 poeula
854 1498 967 1574 damae,
1037 1567 1048 1588 Ι

220 1597 306 1660 Intra
326 1616 359 1656 se
377 1595 503 1658 hostiles
523 1598 645 1658 claudet
665 1597 749 1658 ovile
767 1599 870 1677 lupos.

144 1697 299 1764 Nimirum
318 1700 434 1757 coeunt
452 1695 591 1772 inimica,
610 1718 667 1775 per
687 1697 790 1759 ornnia
807 1716 870 1776 pax
887 1707 952 1770 est,

221 1793 303 1863 Cum
320 1795 443 1879 placido
463 1796 569 1861 Gallus
588 1811 677 1878 pacta
695 1800 807 1862 Leone
825 1796 910 1862 ferit.

578 1979 718 1996 ιιι-μ».-

496 2112 570 2181 De
612 2110 807 2184 eadem.

258 2264 336 2327 vivi
353 2268 497 2331 venimus
514 2269 592 2344 huo,
613 2257 870 2354 superstitisque,

205 2363 208 2376 '
256 2365 354 2448 Jungi
373 2366 419 2431 sie
437 2367 562 2430 inimica
581 2389 797 2444 cerneremus,

259 2466 364 2528 Gallos
383 2481 477 2551 atque
499 2469 564 2531 odii
581 2470 713 2533 inscium
729 2467 896 2532 Leonem?

255 2567 363 2648 Atque
382 2568 452 2649 quis
471 2570 602 2631 credere
620 2573 681 2632 hoe
700 2582 804 2651 potest
822 2583 992 2651 nepotum,

256 2664 339 2728 Cum
359 2669 448 2732 Gallo
470 2692 631 2754 aequoreas
650 2671 751 2734 coisse
770 2671 895 2733 Ranas?

254 2767 317 2828 Vel
337 2764 463 2845 junctos
482 2771 524 2833 ita
545 2793 616 2833 cum
634 2772 747 2835 Leone
767 2770 889 2843 Gallos,
920 2812 923 2818 ·

254 2865 418 2931 Adversus
431 2870 583 2951 ¹Aquilam
600 2871 714 2949 petisse
733 2868 851 2951 signis?

254 2963 330 3024 Haec
345 2965 476 3029 ‘audacia
494 2988 623 3050 magna,
644 2981 673 3030 at
693 2968 743 3031 illu
760 2966 890 3050 major..

255 3062 288 3128 Si
306 3067 566 3146 pacto-patientia
584 3082 630 3130 ost
649 3070 754 3145 fideli,

10 3154 13 3158 ⁴
107 3177 110 3182 '
207 3161 340 3254 ‘later
358 3187 392 3231 se
412 3169 594 3239 coeuntium
614 3171 759 3237 duorum.

574 3345 714 3367 duaa-¹·-

188 3472 248 3548 Ad
273 3477 505 3570 Caesarem,
532 3480 583 3554 de
610 3480 920 3558 coniuratione
945 3481 1108 3559 hostili.

141 3631 326 3714 Respexere
346 3640 407 3701 Dei
429 3651 459 3700 le
483 3640 604 3718 Caesar,
624 3646 684 3707 hoe
703 3643 788 3708 unde
808 3643 977 3722 putemus?

214 3736 310 3797 Haud
328 3743 470 3819 exempla
488 3741 551 3815 rei,
571 3765 622 3803 res
641 3743 716 3805 lacit
735 3743 776 3804 ita
795 3744 900 3804 fidem.

141 3830 222 3896 Cum
244 3836 337 3898 Gallis
358 3842 502 3901 Venetus
522 3842 721 3904 discordibus
735 3836 831 3904 'irruit
849 3841 958 3915 armis,

213 3936 253 3996 Se
273 3948 385 4014 novat,
404 3941 502 4026 inquo
521 3952 588 4002 tuas
607 3943 723 4006 bellum
741 3943 871 4005 iteratur
891 3961 977 4022 opes.
