2640 4634
146 351 214 427 296
455 341 498 414 In
519 284 685 412 Laudem
709 339 846 411 Alberti

70 516 76 522 ι
143 539 242 596 Lucet
260 554 370 608 eques,
389 536 560 606 spernitque
578 535 716 600 hostem,
735 549 798 586 non
816 531 930 603 spernit
948 532 1089 587 amicum

144 630 335 697 Romanum,
358 644 522 700 conspersa
540 627 642 692 vides,
663 627 849 694 collectaque
867 624 978 695 passim

144 724 286 792 Agmina,
308 723 478 778 Germanos
498 717 620 789 equites.
660 721 723 773 Hos
742 718 866 772 Caesar
859 735 887 771 ιιι
908 717 1026 773 omneis

145 814 253 870 Secum
273 817 328 882 agit
349 823 489 880 eventus,
512 812 560 871 his
578 830 611 866 se
630 811 805 877 committit,
824 812 853 864 in
871 811 937 863 unis
964 822 967 829 ’

61 906 64 913 ‘
145 908 234 977 Spem
253 908 334 961 locat
352 907 417 972 hia,
440 905 583 976 ponitque
601 905 706 971 fidem,
724 914 753 957 te
772 903 868 960 Gallia
885 903 963 956 vinei

134 1000 215 1055 'Non
235 1000 341 1069 pudet,
361 1009 388 1052 at
405 998 525 1069 puduit,
546 1008 658 1050 terrent
677 996 829 1052 Germana
849 997 1007 1049 Britannos

143 1092 279 1158 Auxilia,
300 1091 448 1161 Hispanos
467 1099 587 1158 arcent,
607 1090 803 1161 pugnantibus
822 1089 878 1142 illis

144 1184 299 1255 Splendida
323 1184 493 1238 Pharsalico
512 1195 594 1254 parta
613 1193 657 1237 est
676 1184 800 1237 victoria
820 1199 939 1254 campo.

143 1277 200 1331 Hic
220 1277 366 1344 indignato
391 1286 511 1346 pontem
532 1293 715 1344 consurgere
733 1276 862 1343 Rheno,

145 1369 250 1422 Cernis
270 1383 298 1421 et
318 1369 464 1422 Ausonias
485 1368 546 1437 ripa
564 1368 707 1421 ulteriore
726 1369 881 1422 cohortes.

145 1462 218 1517 Inde
236 1462 356 1514 hostem
374 1462 480 1528 (quem
498 1477 536 1513 ne
554 1440 701 1527 inveniat,
720 1460 816 1525 timet)
838 1459 934 1512 indice
953 1460 1061 1529 quaerit
1130 1526 1134 1537 .

144 1551 245 1607 Nocte
267 1554 357 1607 ferox
377 1553 484 1617 Italus,
503 1568 675 1621 vacuosque
695 1552 828 1620 indagine
847 1561 966 1608 montes

143 1645 282 1710 Lustrat,
309 1645 367 1698 adit
384 1645 491 1710 silvas,
510 1657 596 1714 atque
617 1644 704 1697 obvia
722 1654 826 1713 tesqua
843 1644 974 1697 lacessit.

143 1737 233 1790 Parte
251 1737 305 1791 alia
322 1737 449 1790 collecta
468 1737 548 1790 acies
566 1737 717 1792 Germana
736 1736 791 1789 sub
809 1736 906 1789 hostis

144 1829 287 1883 Considet
305 1833 479 1898 adventum,
499 1847 559 1899 quo
578 1847 659 1886 nunc
677 1832 735 1884 ruit
754 1830 823 1898 ille,
843 1830 956 1884 Suevos

142 1919 319 1989 Exclamat,
338 1941 524 1994 pugnamque
540 1925 632 1994 petit,
652 1934 683 1977 tu
703 1923 824 1991 Belgica
846 1932 945 1975 castra

144 2013 243 2066 Caesar
261 2014 340 2081 adis,
360 2017 518 2087 Celtasque
537 2017 590 2071 tibi
609 1998 809 2071 succumbere
829 2023 945 2068 suetos.

143 2106 181 2158 At
200 2116 250 2171 tu,
269 2123 329 2159 non
352 2107 457 2160 iisdem
477 2109 560 2174 fatis,
580 2127 641 2162 non
660 2107 780 2161 numine
800 2109 924 2172 eodem,

142 2197 220 2249 Vare
240 2199 337 2266 sapis,
357 2199 496 2267 viresque
514 2210 578 2252 tuas
597 2200 666 2252 satis
687 2216 751 2252 esse
770 2199 895 2268 putasti,

142 2289 285 2340 Arctoam
306 2299 409 2342 contra
428 2292 585 2357 virtutem,
604 2303 632 2345 et
651 2292 789 2345 Teutone
807 2290 903 2356 bella,

143 2381 271 2434 Auxiliis
291 2382 508 2454 circumsepte,
533 2394 560 2437 et
578 2384 746 2452 legionibus
766 2384 832 2437 illis.

142 2471 226 2525 Ecce
247 2484 344 2526 autem
364 2486 464 2545 erepta
485 2493 541 2545 pro
560 2475 696 2530 libertate
717 2477 838 2529 feroces

146 2564 333 2618 Conveniunt
350 2568 474 2637 populi,
494 2569 711 2639 Germanoque
731 2569 851 2638 auspice
871 2566 966 2621 Bruto

143 2659 235 2711 Arma
255 2661 371 2726 lerunt,
389 2659 490 2714 vivum
511 2663 693 2728 Arminium,
714 2662 873 2730 vivumque
893 2670 1030 2729 putares,

146 2749 205 2821 Qui
224 2749 388 2804 Macedum
406 2753 494 2805 trahit
513 2771 616 2821 agmen
635 2760 733 2820 Avar,
755 2753 887 2807 eoelestia
906 2753 1023 2819 signum
1105 2784 1109 2797 ·

146 2840 283 2894 Venturae
304 2845 463 2896 ostendunt
481 2847 588 2911 caedis,
613 2847 766 2898 Romanus
786 2845 939 2914 haruspex

145 2928 292 2986 Praevidct
310 2935 402 2990 iratos
420 2953 566 3008 superos,
586 2938 760 3006 clademque
778 2936 933 2990 minanteis

145 3024 230 3093 Signa
249 3035 374 3093 canunt,
395 3045 562 3099 campoque
581 3029 655 3100 Lyci
675 3028 867 3082 concurritur
885 3029 985 3083 armis.

146 3116 173 3169 0
192 3119 304 3187 patria,
324 3139 341 3174 ο
362 3139 501 3190 magnum
519 3123 620 3176 mundi
640 3123 749 3188 decus,
771 3121 871 3176 omnia
889 3122 966 3176 bella

145 3208 297 3280 Prospera
315 3214 459 3267 Romanae
480 3217 626 3281 fortunae,
646 3229 811 3284 omnesque
829 3214 1008 3293 triumphi

145 3301 217 3355 Non
236 3318 376 3373 poterunt
393 3309 482 3376 hujus
497 3310 645 3377 jacturam
665 3323 780 3376 aequare
800 3306 901 3360 ruinae.

145 3374 303 3463 Profligata
321 3401 418 3465 acies,
441 3410 484 3454 tot
503 3402 593 3456 millia
617 3414 693 3454 caesa
710 3398 806 3453 Latini

146 3487 303 3556 Nominis,
324 3501 467 3547 externos
485 3495 569 3560 gladii
589 3509 738 3563 excepere
757 3502 899 3561 tyrannos

146 3577 308 3650 Vindelici,
327 3574 371 3638 tot
387 3594 489 3638 nostra
506 3587 574 3640 neci
593 3586 671 3640 dedit
688 3584 760 3638 ultio
780 3599 886 3651 reges,
952 3636 956 3645 ,

145 3668 296 3727 Interiisse
316 3676 418 3744 simul,
442 3687 517 3748 quot
533 3696 594 3732 non
612 3679 696 3748 peior
715 3675 802 3730 audiit
820 3685 898 3728 aetas.

146 3761 308 3819 Indiscreta
327 3770 389 3824 aliis
407 3788 502 3841 pugna
521 3779 566 3824 est
577 3811 586 3837 ,
605 3772 666 3824 dux
684 3771 747 3840 ipse
765 3769 898 3822 minores

140 3855 299 3932 ¹Praeterit,
320 3869 348 3914 et
363 3862 440 3915 solis
460 3863 555 3915 audax
572 3879 604 3916 se
625 3863 754 3917 fortibus
774 3861 863 3914 infert

145 3950 296 4004 Arminius
308 3992 317 4019 ,
336 3955 499 4024 gaudetque
518 3972 604 4022 vagas
627 3971 660 4010 se
679 3951 795 4010 vindice
816 3951 929 4018 caedes,
975 3957 977 3960 '
1021 4021 1024 4031 Ι
