2640 4634
555 414 720 490 luhalt.
816 521 817 525 Ἴ
905 413 909 422 ’

1095 617 1125 662 ta

239 708 286 764 Ad
307 703 456 760 Maximil.
477 702 616 760 Slortiam
633 701 762 758 Mediol.
780 703 902 756 Ducem
999 741 1007 758 .
1097 629 1149 757 2⁰3⁷,

235 796 399 875 Dsspugna
416 795 611 864 Novarieuai‚
637 796 701 850 laua
716 795 827 854 Joaeh.
849 795 885 847 de
902 793 1063 848 Moltzhan
1105 823 1139 835 -

205 889 417 963 ¹Deviribua
437 886 596 944 Gallorum
661 927 669 943 .
775 926 783 943 .
889 926 897 944 .
1002 925 1010 942 .
1098 890 1148 941 2⁰8

236 982 283 1038 Ad
300 982 386 1038 Max.
405 980 545 1059 sfortiam
654 1019 663 1038 .
769 1018 777 1035 .
884 1018 892 1035 .
1000 1017 1007 1032 .
1106 1007 1138 1020 -

93 1108 109 1115 --
139 1124 162 1155 ·.
237 1075 288 1131 De
310 1075 426 1127 Caesare
447 1082 475 1127 et
493 1071 583 1128 Gallo
655 1108 664 1127 .
772 1111 781 1127 .
887 1110 896 1127 .
1002 1109 1011 1126 .
1097 1074 1148 1130 209

237 1168 284 1223 Ad
303 1165 423 1222 Gallum
442 1161 599 1234 expulsum
618 1164 700 1220 ltalia
770 1204 779 1221 .
884 1203 893 1220 .
999 1202 1007 1218 .

166 1258 169 1263 ’
234 1259 285 1314 De
305 1257 429 1312 Caesaris
447 1256 645 1327 magnitudine
772 1295 780 1315 .
886 1297 895 1313 .
1000 1294 1009 1312 .

121 1338 124 1345 ⁴
235 1344 284 1405 Ad
298 1348 387 1405 Max.
408 1350 547 1405 Slortium
658 1391 667 1409 .
771 1391 781 1409 .
887 1389 895 1405 .
1002 1387 1010 1404 .

233 1441 281 1497 Ad
297 1440 408 1496 Joach.
430 1442 466 1495 de
484 1442 643 1499 Moltzhan
767 1481 775 1497 .
881 1479 890 1497 .
997 1478 1005 1495 .

232 1534 283 1591 De
302 1533 391 1589 Gallo
411 1534 493 1589 Italia
512 1536 597 1605 pulso
651 1573 659 1589 .
765 1572 774 1589 .
865 1562 914 1609 ..,·,
995 1572 1003 1588 .

232 1625 278 1681 Ad
296 1626 383 1680 Max.
404 1626 544 1681 sfortiam
653 1665 661 1681 .
749 1659 776 1682 ·.
883 1667 891 1684 .
998 1664 1006 1680 .

232 1719 279 1773 Ad
298 1718 424 1772 eundem
443 1718 479 1772 de
497 1719 659 1775 Frauoisco
678 1728 762 1790 patre

230 1808 277 1864 Ad
301 1827 386 1879 reges
405 1820 553 1865 terrarum
621 1850 622 1855 η
653 1852 660 1868 .
766 1852 775 1868 .
882 1849 891 1865 .
998 1852 1004 1865 .

230 1901 280 1958 De
298 1902 386 1958 Max.
406 1903 516 1958 Ssortia
623 1916 629 1945 2'
654 1944 661 1960 .
768 1944 776 1959 .
807 1943 809 1954 .
881 1945 888 1959 .
998 1944 1005 1958 .

229 1994 280 2051 Do
300 1995 435 2062 ingressu
453 1995 579 2050 Caesaris
597 1997 626 2050 in
644 1994 758 2052 ltaliam

229 2085 264 2141 In
283 2086 429 2156 picturam
446 2088 482 2142 do
502 2088 619 2144 Caesare
729 2144 735 2155 ,
881 2129 889 2144 .

229 2177 280 2233 De
301 2180 390 2235 Gallo
409 2181 539 2248 fugiente
640 2221 660 2236 Α.
767 2222 774 2237 .
881 2221 888 2235 .
995 2219 1003 2234 .

227 2270 278 2327 De
296 2271 421 2325 victoria
439 2272 549 2327 Caesar.
569 2272 727 2331 adversum
747 2273 868 2330 Gallum

72 2348 121 2435 'fs'
227 2361 278 2419 De
297 2363 410 2420 foedere
429 2362 588 2419 Gallorum
610 2381 680 2421 cum
702 2364 887 2420 Venetis.
994 2403 1001 2418 .

95 2434 108 2459 ᾧ
226 2456 411 2512 Venetorum
429 2455 518 2511 minat

226 2546 276 2602 De
301 2548 515 2619 conjuratione
532 2549 720 2606 Venetorum
739 2560 768 2606 et
786 2550 946 2609 Gallorum
994 2591 1002 2606 .

226 2639 287 2714 Qui
306 2650 335 2694 et
352 2642 453 2714 qualos
472 2643 561 2698 Italiae
580 2644 740 2714 imperium
757 2645 887 2700 ambiant
997 2684 1004 2698 .

224 2731 275 2787 De
293 2733 495 2792 imbecillitate
515 2734 658 2796 Galli.
765 2775 773 2792 .
879 2777 888 2792 .
995 2775 1004 2792 .

226 2820 276 2880 De
296 2826 398 2883 eadem

223 2916 273 2972 Do
292 2917 456 2974 Gallorum
471 2927 500 2975 ot
516 2922 701 2977 Venetorum
721 2919 889 2983 amioitia'-.⁴
994 2961 1002 2980 .
1094 2928 1109 2956 ⁰

224 3008 275 3065 De
294 3010 397 3068 eadem
457 3006 460 3011 ’

224 3103 271 3156 Ad
294 3103 460 3173 Caesarem,
479 3106 515 3160 de
534 3107 741 3176 conjuratione
758 3105 860 3162 hostili

221 3194 359 3250 Dabelli
378 3199 515 3268 qualitate
543 3200 578 3257 ad
602 3199 773 3257 Germanos
879 3239 887 3258 .
993 3239 1002 3256 .

121 3298 125 3305 ·
221 3284 372 3366 Delbello
391 3289 577 3360 Veneto‚'ad
597 3292 706 3349 Caesar.
761 3333 769 3348 .

200 3434 204 3441 ,
224 3377 320 3452 Quale
339 3381 376 3436 sit
393 3384 525 3439 hostium
545 3384 658 3454 foedus,
687 3387 721 3442 ad
740 3387 850 3443 Caesur.

219 3469 270 3525 Dc
290 3473 402 3528 foedere
427 3494 496 3531 oum
516 3477 610 3535 Gallis
632 3479 818 3537 Venetorum
871 3519 879 3537 .
986 3519 994 3534 .

218 3561 268 3618 De
288 3565 395 3621 eodem

221 3654 364 3711 Hortatur
383 3660 417 3715 ad
435 3679 563 3732 pugnam
642 3702 651 3720 .

220 3744 267 3800 Ad
288 3748 436 3804 Caesarem

218 3835 269 3893 De
286 3836 369 3894 Julio
394 3842 435 3899 ll.
462 3843 497 3903 P.
520 3846 608 3904 Max.
633 3849 742 3907 orbem
767 3850 869 3907 eltrltt.
896 3851 926 3905 in
952 3868 1033 3910 arma

271 3933 439 3989 oouoitanto
612 3934 615 3941 ’
