2640 4634
140 1050 189 1161 b)
234 1053 286 1141 U.
327 1055 524 1168 Hutteni⁹
562 1057 868 1170 adolescentis.)
907 1066 961 1153 de
990 1068 1155 1160 Virtute

361 1326 368 1333 ἡ
410 1205 600 1322 elegiaca
629 1207 881 1314 exhortatio,

1255 1208 1278 1255 'a

519 1453 746 1474 m

138 1613 212 1720 Ipse
232 1668 304 1719 ego,
335 1653 405 1705 dum
427 1652 514 1706 variae
533 1650 661 1706 meditor
684 1653 854 1709 discrimina
872 1659 972 1729 sortis,

151 1744 154 1750 '
206 1743 290 1796 Dum
308 1745 412 1796 dubius
431 1744 496 1796 vitae
515 1744 705 1815 difficilesque
724 1746 796 1814 vias,

138 1834 343 1905 Diversnsque
363 1837 437 1889 adeo
458 1853 545 1888 eurus
556 1877 565 1903 ,
593 1837 810 1908 hominumque
830 1841 969 1913 labores,

207 1927 355 1995 Ingemit,
375 1937 402 1980 et
421 1928 495 1980 tristi
514 1945 599 1981 niens
619 1929 693 1982 mihi
717 1933 809 1984 corde
828 1934 918 1990 dolet.

140 2021 219 2075 Nam
238 2037 423 2089 quaecuuque
441 2021 524 2074 vides
544 2021 655 2088 fragilis
675 2023 778 2079 salatia
798 2026 910 2094 mundi,

209 2113 317 2167 Omnia
336 2121 404 2166 suut
421 2113 508 2180 longa
527 2113 704 2183 disperituru
727 2115 792 2182 die,

140 2205 237 2274 thue
255 2206 337 2259 leves
358 2206 447 2275 paleae
466 2205 568 2259 vacuis
589 2216 747 2260 motantur
769 2207 875 2275 aristis,

207 2298 247 2352 Et
267 2299 395 2368 quatitur
412 2297 520 2368 rapidis
539 2297 612 2351 silva
635 2316 763 2354 comosa
784 2300 880 2354 notist

140 2391 239 2444 ttaeret
257 2390 440 2446 inhumanis
462 2389 571 2457 fragilis
591 2389 697 2446 fiducia
715 2392 818 2460 rubum

206 2484 386 2554 Discrepat,
407 2491 435 2535 et
454 2483 550 2539 dubiis
570 2484 681 2554 decipit
700 2485 748 2537 illu
767 2485 876 2540 modis

142 2576 201 2650 Qui
220 2577 312 2629 modo
332 2575 414 2629 diues
434 2582 513 2641 erut,
543 2575 662 2628 fortuna
683 2584 805 2628 exactus
824 2576 922 2644 iniqua

207 2672 331 2732 Aestuat
342 2709 352 2736 ‚
372 2677 400 2722 et
417 2687 510 2738 parvo
531 2671 649 2723 foenore
671 2669 761 2720 vertit
779 2668 917 2721 humum.

141 2762 210 2816 Rex
232 2771 310 2829 erat,
335 2742 485 2820 *et-*Latias
502 2761 597 2814 tenuit
616 2761 801 2832 Tarquinius
819 2760 921 2828 urbeS,

207 2855 310 2908 Paruit
328 2855 362 2908 nd
380 2865 484 2914 nutum
504 2857 643 2910 Dardunu
667 2857 767 2912 Roma
784 2869 884 2921 suum..

139 2947 261 2999 Decidit
279 2948 326 2999 ille
346 2956 460 3014 tumen,
480 2965 547 3001 num
567 2959 674 3018 quunta
694 2946 824 3018 potentia
843 2957 946 3001 nostra
968 2951 1036 3003 est?

207 3039 349 3106 Decidit,
369 3049 397 3093 et
413 3040 512 3095 missis
534 3042 661 3094 urbibus
682 3040 752 3093 exul
771 3047 843 3091 erat.

141 3131 213 3184 Haec
232 3134 335 3186 eadem
353 3132 442 3186 Siculi
461 3143 670 3198 memorantur
687 3148 776 3198 regna
799 3129 931 3198 tyranni,

206 3223 282 3278 Post
300 3242 352 3279 sun
371 3225 419 3294 qui
438 3224 539 3294 pueris
559 3235 677 3294 sceptra
699 3221 838 3288 magister
857 3230 928 3274 erut.

139 3318 179 3371 Ut
196 3327 293 3370 tumen
312 3319 378 3372 haec
397 3327 549 3383 maneant,
570 3326 598 3369 et
618 3318 657 3370 sis
677 3316 705 3369 in
727 3324 864 3381 tempore
883 3312 974 3379 felix,

208 3410 295 3464 Sistat
312 3411 340 3463 in
359 3410 485 3480 imperio
504 3420 600 3476 terra,
620 3412 788 3475 fretumque
808 3414 880 3457 tuo:

137 3503 247 3572 Teque
265 3519 370 3568 vagum
390 3503 486 3572 positu
504 3511 663 3558 veneretur
685 3497 808 3566 imagine
832 3497 955 3565 vulgus,

205 3595 269 3649 Det
285 3596 337 3648 tibi
356 3596 509 3648 foecumlas
529 3595 606 3662 regia
625 3608 727 3648 mensu
747 3592 856 3662 dapes:

138 3689 201 3741 Sint
219 3687 298 3740 vires
319 3690 484 3758 formaeque
503 3687 639 3752 bonum,
667 3685 795 3754 cultique
813 3693 953 3755 penaten,

207 3780 301 3848 Inque
319 3790 387 3833 tuos
405 3779 503 3834 veniat
520 3779 646 3849 pulchra
666 3778 763 3848 puella
780 3777 906 3843 th0r05,

137 3873 183 3926 Sis
206 3889 343 3942 quoque,
361 3873 386 3928 si
405 3873 555 3943 quidest,
576 3871 695 3941 antiquo
716 3876 870 3923 stemmate
888 3877 987 3923 natus:

209 3964 285 4036 Quis
304 3966 384 4020 dabit
400 3965 467 4019 baec
488 3964 579 4018 cineri
599 3963 815 4030 funeribusque
834 3960 913 4015 tuis?
