2640 4634
195 36 230 73 .‚
408 86 412 91 Ι
455 44 486 81 ,Ιζ

197 110 207 131 c
398 104 442 141 „¹-

425 204 490 277 3⁴
968 184 971 193 .

88 308 166 399 ⁴*
288 338 290 342 '
515 320 743 491 magistu
1046 374 1131 444 ai

123 561 172 614 Da
190 558 326 622 veniam,
344 534 450 629 neque'
461 558 538 609 enim
558 560 656 628 sprevi
676 559 886 628 monitusque,
906 558 1073 632 iidemque,

192 654 240 706 Da
258 640 398 717 veniam·‚-
410 667 471 704 non
493 660 552 716 est,
571 668 625 703 cur
643 652 714 704 mihi
734 651 839 703 abesse
858 653 941 709 velis,

123 749 220 802 Crede
242 745 333 809 mihi,
351 743 422 796 nihil
443 754 503 810 est,
522 761 577 796 cur
595 744 730 797 irascaris
750 745 863 810 amic0,

191 840 240 892 Tu
260 838 364 904 eulpa,
384 837 467 905 siqua
486 845 549 902 est,
568 852 629 888 non
648 852 790 889 moveare
810 853 885 890 mea.

121 932 205 986 Adde
224 931 266 982 rei
287 939 425 982 eventum
435 967 444 994 ‚
462 928 531 994 vel,
550 929 630 997 quod
648 928 720 980 mihi
738 928 847 980 luditur
865 931 935 997 uni,

190 1023 218 1077 Si
238 1023 400 1091 culparet,
420 1030 525 1073 nostro
547 1021 668 1088 contigit
686 1021 739 1073 ista
757 1021 847 1073 malo.
909 1060 914 1066 .

122 1116 178 1170 Sed
197 1116 277 1180 sci0,
297 1114 366 1183 quid
383 1112 482 1183 potius
501 1113 536 1164 dc
554 1129 603 1164 me
623 1121 811 1182 statuasque,
832 1115 964 1182 velisque
971 1155 982 1188 7

188 1209 275 1262 Fama
294 1216 355 1272 est,
376 1206 404 1258 in
423 1207 525 1275 spoliis
543 1215 571 1258 te
591 1207 742 1273 gemuisse
762 1207 848 1260 meis.

121 1299 210 1354 Fama
230 1307 291 1365 est,
310 1298 465 1354 continuas
484 1298 578 1364 egisse
598 1298 627 1350 in
646 1297 762 1351 fletibus
780 1298 889 1364 horas,

188 1389 227 1443 Et
244 1370 347 1443 moesta
366 1391 478 1444 foedum
496 1398 594 1442 mente
612 1390 715 1443 tulisse
733 1391 826 1446 nefas,

120 1482 250 1537 Mittitur
266 1482 435 1537 hacetum
455 1483 546 1536 tristis
565 1492 612 1536 tua
631 1485 725 1536 littera
744 1484 855 1535 dextrae

187 1575 299 1628 Littera
317 1574 465 1626 flebilibus
483 1575 535 1628 vix
553 1576 629 1629 bene
648 1577 724 1628 facta
742 1576 831 1629 notis.

121 1665 210 1719 Nulla
228 1682 313 1718 mora
332 1666 360 1717 in
384 1667 490 1733 nobis,
508 1677 557 1720 tua
575 1669 638 1720 visa
658 1668 761 1734 injuria
779 1679 882 1721 nostra
900 1680 960 1731 est,

186 1758 258 1812 Non
276 1774 397 1827 possem
416 1759 482 1812 iidci
503 1759 614 1814 certior
633 1776 698 1815 esse
717 1770 783 1811 tuae.

118 1849 199 1918 Ergo
219 1867 273 1918 ego
295 1859 455 1920 perpetuas
474 1853 590 1921 agitabo
610 1853 639 1904 in
657 1863 780 1920 pectore
799 1859 912 1915 grates,

186 1943 283 2001 Decet
301 1953 332 1998 ut
351 1960 390 2001 ex
410 1947 519 1999 merito
539 1945 713 2000 sollicitatus
734 1960 828 1997 amor.

1038 1449 1053 1480 1

411 2403 826 2524 ElegialX.

151 2614 203 2685 Ad
228 2614 418 2686 Nicolaum
442 2613 673 2702 Marsehalk‚
700 2609 947 2683 doctissimum
972 2605 1098 2677 virum.

472 2809 752 2827 Μ

114 2941 140 3027 J
158 2989 242 3038 mea,
260 2989 317 3025 nec
335 2975 442 3040 longos
462 2974 600 3026 abeundo
619 2988 750 3039 congere
770 2986 875 3040 passus

181 3065 292 3127 Musa,
312 3063 497 3116 Cothurnato
517 3064 704 3132 suscipienda
722 3062 798 3114 viro.

113 3153 251 3208 Invenies
271 3152 353 3203 illum
372 3153 501 3220 placidas
519 3162 644 3205 tractare
663 3168 805 3216 sorores,

182 3244 318 3297 invenies
337 3243 470 3310 gravium
489 3244 613 3295 volvere
632 3244 740 3312 scripta
760 3241 867 3294 virum.

113 3339 152 3392 Et
167 3340 231 3407 jam
250 3339 328 3389 forto
350 3352 437 3403 vagas
456 3336 587 3406 depingit
606 3336 635 3388 in
656 3335 759 3387 ordine
777 3342 891 3397 terras,

182 3432 318 3498 Cumque
338 3428 411 3481 mari
430 3429 539 3495 silvas,
559 3429 677 3481 flumina
699 3444 766 3479 rura
786 3428 883 3490 lacus,

113 3523 152 3577 Et
169 3533 270 3590 gentes
288 3522 391 3591 quavis
411 3523 473 3574 caeli
493 3522 614 3588 regione
633 3530 785 3590 repostas,

183 3616 211 3668 T
214 3625 304 3684 otque
323 3615 415 3666 urbes
432 3615 575 3684 graphice
596 3614 699 3680 digerit
718 3613 747 3664 in
767 3611 859 3664 radio.

112 3707 194 3765 Dum
217 3708 302 3773 iicet,
321 3708 463 3773 accedas,
483 3717 527 3773 et,
548 3724 607 3776 quo
625 3707 728 3771 decet,
747 3721 800 3758 ore
818 3703 928 3767 saluta;

182 3797 252 3849 Non
272 3811 336 3865 cst,
356 3816 445 3868 quem
464 3810 579 3851 metuas
601 3799 724 3850 reddere
743 3799 814 3850 dura
837 3797 899 3850 tibi.

113 3887 153 3940 Ut
170 3899 266 3938 tamen
286 3892 411 3944 admissa
431 3907 483 3957 es,
503 3901 531 3943 et
548 3892 728 3943 te.1nandata
742 3889 859 3956 jubebit

181 3979 301 4048 Edere,
320 3984 456 4040 fortunas
477 3983 580 4037 ordine
600 3983 694 4053 pande
712 3998 805 4038 meas,
