2670 4628
87 345 93 358 ’
168 308 210 347 ’Ἰ
233 373 305 447 220
592 361 871 462 Epigrammata

559 559 621 631 Ad
658 560 909 633 Caesarem.

237 770 344 833 Auctae
363 769 461 830 hostis
482 766 585 830 Caesar
603 770 702 842 vires,
726 780 819 850 atque
839 777 928 828 aucta
946 777 1100 846 potestas,

308 871 468 950 Armaque
488 869 526 929 ab
547 868 679 930 adverso
698 867 933 950 congeminasse
955 868 1053 929 vides.

234 972 309 1033 Non
328 969 428 1048 jubeo
447 970 574 1043 timeas,
596 969 652 1029 sed
670 989 710 1029 ne
731 979 895 1028 contemne
915 967 1082 1046 periclum,

310 1073 394 1131 Tum
412 1090 491 1130 vero
512 1080 547 1129 ut
565 1071 666 1130 solvas
688 1068 772 1142 ocia,
797 1082 917 1148 tempus
937 1069 1032 1128 adest.

237 1172 377 1250 Tempus
396 1171 499 1245 adest,
523 1191 581 1251 age
599 1184 710 1249 rumpe
731 1190 850 1243 moras,
870 1179 902 1229 et
919 1167 1038 1230 somnia
1057 1169 1167 1243 differ,

308 1273 377 1334 Jam
396 1271 524 1351 vigilant
546 1270 641 1344 Galli,
661 1269 722 1346 jam
740 1270 869 1349 vigilant
889 1269 1017 1328 Veneti.

234 1375 334 1452 Surge
355 1391 430 1450 age,
452 1379 629 1429 cunctatum
649 1368 720 1427 satis
742 1380 806 1441 est,
827 1379 893 1427 tum
912 1367 971 1428 rite
992 1368 1155 1447 quiesces,

308 1468 391 1532 Cum
409 1466 466 1527 tibi
486 1485 580 1551 quem
598 1485 708 1540 cures,
728 1487 795 1528 non
814 1487 908 1546 super
926 1465 1025 1538 hostis
1043 1467 1113 1528 erit,

281 1941 340 2012 De
365 1938 458 2013 Julio
483 1939 526 2012 Π.
552 1938 655 2013 Pont.
680 1939 779 2033 Max.
808 1943 936 2014 orbem
961 1939 1197 2014 christianum

530 2061 567 2133 in
593 2085 693 2132 arma
718 2061 935 2135 concitante.

231 2261 377 2326 Concitet
396 2264 508 2326 iratum
527 2261 658 2323 bellator
676 2262 777 2325 Julius
797 2260 932 2322 orbem?

305 2365 411 2425 Effera
429 2363 576 2445 pacificos
595 2362 697 2424 induit
716 2383 799 2423 arma
817 2362 923 2423 duces.

232 2466 309 2527 Tela
328 2464 379 2524 dat
399 2464 509 2538 ltaliae,
535 2462 592 2524 tibi
610 2463 662 2524 dat
683 2443 849 2524 Germania
867 2463 999 2534 bellum,

303 2567 376 2627 Hoc
394 2563 537 2648 turbante
557 2564 652 2647 domo
673 2563 780 2644 prodit
800 2563 892 2624 lbera
912 2561 1011 2645 quies.

228 2665 354 2746 Impulit
373 2665 505 2725 audaces
526 2666 635 2727 eadem
654 2663 780 2725 vesania
799 2664 922 2737 Gallos,

303 2763 361 2826 His
379 2762 499 2824 facibus
521 2766 660 2823 Venetas
681 2765 774 2822 ardor
794 2762 911 2822 adussit
932 2782 1019 2840 opes.

227 2861 342 2924 Ultima
360 2861 398 2919 ab
417 2863 478 2921 hoc
496 2862 595 2921 flavos
616 2861 701 2921 dedit
721 2860 821 2920 insula
839 2868 924 2918 mota
943 2860 1129 2936 Britannos,

305 2961 342 3021 ln
361 2979 527 3021 commune
547 2960 659 3019 Scotus
679 2956 809 3020 contulit
829 2979 913 3019 arma
930 2959 1029 3020 nefas.

230 3062 279 3125 0!
299 3060 354 3121 ubi
375 3079 459 3125 nune
482 3060 610 3133 Turcae,
631 3058 688 3118 sed
707 3058 919 3121 inexcusabile
939 3061 1074 3135 bellum,

304 3161 398 3227 Orbis
417 3159 451 3222 in
469 3160 600 3222 exitium
619 3170 800 3221 commovet
818 3181 899 3221 unus
918 3163 1024 3222 bomo.

229 3263 383 3328 Omnibus
403 3282 485 3322 arma
505 3262 556 3324 dat
576 3281 657 3321 unus
676 3261 788 3334 homo,
808 3260 923 3322 bellurn
943 3261 1088 3328 omnibus
1108 3284 1191 3324 unus
1202 3310 1211 3340 ‚

302 3364 390 3426 ldcm
410 3362 533 3441 publica
551 3382 602 3422 res
621 3361 713 3422 efficit
734 3372 769 3422 ut
788 3373 906 3439 pereat.

227 3464 269 3526 Ut
290 3461 406 3524 Christi
425 3462 617 3541 perimantur
637 3482 736 3536 oves,
757 3461 903 3522 turbetur
925 3461 1026 3536 ovile,

301 3562 413 3624 Pascat
432 3572 463 3621 et
482 3561 630 3623 admissos
650 3563 737 3622 caula
756 3562 903 3643 adaperta
920 3564 1023 3643 lupos.

115 3655 118 3660 ’
227 3661 303 3723 Hace
321 3663 423 3725 rabies
441 3661 563 3743 placido
584 3661 715 3723 dimovit
734 3661 858 3724 vincula
879 3664 978 3737 Jano‚

302 3761 378 3825 Hoc
398 3761 481 3824 suria
499 3762 639 3840 implevit
661 3762 762 3823 omnia
784 3763 867 3823 caedc
886 3784 981 3824 nova.

228 3860 333 3942 Atque
353 3860 426 3924 huic
446 3861 543 3944 qualis
563 3872 630 3922 crat
650 3863 767 3945 (neque
788 3863 870 3923 enim
889 3861 1005 3936 bonus)
1025 3862 1101 3921 illud
1122 3861 1205 3923 ovile

305 3956 522 4038 Credidimus,
542 3961 690 4024 miserum
709 3963 961 4046 credidimusque
981 3983 1088 4044 pecus.
