2640 4634
514 379 773 478 Panegyricus.

111 618 117 626 .
140 575 311 643 Pernicies,
331 584 475 646 autorque
495 575 569 644 fugae
590 575 692 640 ferro,
713 573 779 641 igne
797 572 923 645 petitus,

140 669 202 722 Dat
219 685 351 740 poenam,
370 668 455 723 Latio
475 669 640 739 posthunc
657 666 793 721 sublimis
810 668 839 721 in
857 676 941 723 ostro

143 762 263 815 Tertius
283 763 364 814 ardet
382 762 485 828 Otho,
510 770 539 814 et
557 761 688 814 cinctum
706 760 869 815 diademate
884 760 967 831 largo

72 912 76 921 ,
143 854 280 908 Ostentat
298 845 394 921 regale
415 861 517 923 caput,
541 854 589 907 cui
607 853 737 909 maxima
753 860 858 924 posset

141 945 294 1013 Regnandi
313 938 406 1000 virtus
423 946 532 1014 tribui,
554 945 609 999 nisi
627 954 705 999 tauta
722 945 857 1001 tulissent

141 1040 218 1090 Ante
238 1055 308 1091 avus
315 1078 325 1106 ,
344 1049 409 1093 ante
430 1049 512 1109 puter
531 1055 655 1093 summae
672 1040 822 1111 praeconia
840 1039 942 1094 laudis.

142 1131 196 1184 Ille
215 1140 311 1185 autern
329 1132 446 1204 placido
464 1132 564 1200 Vultu,
583 1133 630 1186 cui
649 1132 793 1204 plurimus
811 1149 865 1186 ore

143 1224 263 1276 Candor
282 1225 372 1292 inest,
391 1224 559 1281 ilenriehus
578 1237 656 1292 erat,
676 1243 738 1279 non
757 1225 888 1278 sanctior
908 1223 961 1278 illo

142 1315 267 1370 Praefuit
283 1318 329 1371 his
347 1319 461 1386 regnis,
487 1319 534 1371 oui
554 1336 616 1372 non
637 1319 838 1388 contemptior
854 1334 934 1371 uxor

141 1410 275 1476 Assidet‚
294 1411 347 1464 lras
364 1413 474 1466 animas
494 1413 570 1465 coelo
591 1414 709 1479 damus,
733 1412 781 1465 ille
801 1412 896 1464 feroci
928 1434 932 1441 ·

145 1502 200 1553 Cui
219 1511 315 1570 turget
332 1505 424 1558 facies
443 1505 504 1571 ira,
525 1506 593 1574 plus
612 1523 693 1560 arina
711 1506 837 1558 minatus

142 1592 270 1662 Effecit,
290 1613 378 1665 quam
398 1597 447 1667 qui
466 1599 589 1666 sumptis
609 1609 736 1651 certaret
754 1598 782 1650 in
801 1598 900 1651 armis·
982 1627 984 1631 v

142 1686 265 1740 Francia
285 1689 456 1740 Conradum
475 1689 602 1756 genitrix
622 1700 727 1756 vocat,
745 1691 812 1742 inde
832 1698 976 1759 sequutus

143 1780 264 1833 Fortior
282 1781 468 1846 Henrichus,
487 1798 541 1851 per
559 1790 652 1835 totam
670 1782 805 1835 incendia
823 1781 903 1834 ducit

143 1875 310 1928 Bernorum
329 1873 469 1942 patrium,
490 1875 644 1928 contundit
661 1876 838 1941 PannonaS,
857 1872 925 1926 urbi

144 1967 324 2022 Pontificem
342 1967 448 2019 Romae
466 1967 551 2034 legit,
570 1967 641 2021 huic
659 1985 691 2022 se
710 1968 786 2021 lilius
806 1966 888 2021 omni

144 2061 215 2114 Fert
233 2060 339 2112 virtute
357 2076 476 2129 parem,
497 2060 566 2112 belli
583 2061 698 2128 majore
717 2061 838 2128 gerendi

143 2155 295 2220 Nomine,
319 2153 432 2207 collatis
450 2154 537 2206 toties
556 2154 605 2224 qui
624 2154 727 2224 proelia
746 2154 835 2220 signis

144 2247 321 2314 trisonem,
342 2265 403 2300 non
421 2247 520 2300 Roma
539 2248 638 2315 dubit,
661 2264 723 2300 non
742 2247 881 2301 'I'eutona
898 2233 1002 2298 noscet

147 2340 252 2393 Turba
271 2358 406 2406 mernor,
426 2341 519 2406 felix,
538 2341 560 2392 si
578 2341 725 2408 genuisset
742 2339 770 2392 in
791 2339 841 2392 illo

146 2434 205 2502 Ipsi
225 2435 281 2486 sibi
300 2435 454 2487 dominum
472 2451 586 2500 regne,
607 2432 769 2488 Germania
786 2432 915 2500 primum

147 2527 236 2578 Tune
254 2526 325 2582 ¹vidit
341 2527 441 2591 scelus
458 2527 539 2589 hoc,
559 2526 652 2577 nollet
669 2524 841 2576 meminisse
860 2529 1002 2592 nepotes..

146 2620 287 2671 Strenuus
306 2617 353 2670 ille
371 2627 468 2668 tamen
486 2617 567 2669 bello
587 2616 618 2668 fit
636 2626 738 2684 natus,
766 2623 794 2669 et
810 2612 902 2666 urbes

148 2712 213 2764 Ter
233 2711 307 2779 rupit
325 2698 456 2775 Italicas,
490 2720 536 2761 ter
555 2709 655 2761 fusum
673 2707 810 2778 deprimit
828 2705 916 2759 armis

146 2803 342 2869 Pontificem,
368 2802 503 2872 Solymus
520 2802 582 2855 hoe
601 2818 669 2868 rege
688 2798 857 2870 recepimus
878 2811 974 2850 arces.

147 2897 223 2950 llinc
241 2914 256 2950 a
275 2896 424 2950 Saxonico
446 2905 550 2950 movet
572 2912 652 2949 arma
670 2893 830 2948 Letharius
848 2889 917 2947 Albi

147 2990 300 3041 Auxilium
321 2990 445 3055 Romae,
481 3001 583 3042 movet
599 2989 669 3041 hinc
689 2987 845 3042 Conradus
864 2983 899 3037 ab
921 2982 982 3036 oris

148 3083 332 3148 Suevorum,
363 3081 410 3133 eui
429 3098 532 3148 magna
551 3082 670 3147 animo,
701 3081 725 3134 si
744 3087 823 3132 tanta
841 3078 982 3146 sequatur
1013 3133 1016 3137 Α

147 3175 313 3228 eludentem
332 3176 450 3227 fortuna
469 3175 590 3240 favens,
619 3171 732 3226 bellum
751 3166 863 3223 invehit
882 3165 985 3241 astris,

149 3266 265 3321 Invehit
282 3271 438 3337 Aegypto,
466 3278 552 3336 atque
570 3265 666 3333 Asiae,
692 3263 852 3332 medioque
870 3258 975 3322 labore

149 3360 289 3417 Proditus
310 3379 324 3413 a
342 3344 427 3414 socio
447 3370 507 3426 est,
525 3360 591 3413 haee
609 3360 710 3429 Grajae
728 3356 858 3427 pessima
877 3351 973 3422 gentis

149 3457 184 3509 ln
203 3456 310 3508 samam
328 3454 511 3507 monimenta
530 3454 643 3507 damus.
681 3451 768 3525 Quos
787 3463 909 3517 surgere
928 3453 1027 3498 motus

150 3552 214 3603 Hac
233 3567 248 3602 a
266 3560 347 3619 parte
370 3548 474 3602 vides?
506 3565 571 3617 quae
588 3545 696 3599 moenia
715 3545 832 3623 fervere
855 3538 1003 3593 flammis?

153 3643 240 3715 Quos
259 3642 365 3694 cadere
382 3641 433 3694 hic
451 3641 602 3711 populos?
631 3655 707 3709 quos
728 3639 769 3690 ire
792 3636 821 3689 in
846 3636 950 3686 funera
969 3630 1078 3698 reges?

154 3737 229 3808 Quis
248 3745 381 3806 penetrat
398 3734 517 3805 pavidas
539 3732 696 3786 confestim
721 3729 870 3784 exereitus
890 3724 1001 3794 Alpes?

154 3830 254 3900 Quem
278 3830 349 3896 fugit
375 3830 421 3882 ille
445 3829 562 3881 senex?
592 3836 673 3880 certe
692 3825 770 3879 haud
784 3820 941 3892 jactantius
962 3817 1054 3869 ullum

152 3922 222 3974 Fert
239 3921 268 3973 in
290 3930 372 3975 veste
392 3932 474 3992 pater
492 3920 634 3986 Rhenus,
661 3905 850 3990 primumque
868 3911 979 3974 videri,
997 3959 1003 3978 ¹

153 4013 339 4084 Laudariquc
358 4016 449 4069 volet.
486 4015 652 4068 Suevorum
673 4029 687 4064 e
708 4020 794 4080 gente
812 4004 960 4085 superba,
985 3993 989 4007 ¹
