2670 4628
450 398 453 407 ·
535 310 538 315 ἢ
605 358 815 435 Hernicum.
1018 378 1024 403 ··
1146 370 1217 451 247

203 553 352 631 Gentibus
372 530 531 609 imdiittens
541 556 639 627 ,quid
657 554 770 624 dicam,
788 564 821 610 ut
838 557 867 611 in
885 549 1012 616 urbibus
1030 561 1101 633 ipsis
1121 574 1159 623 ·,.

201 649 265 702 Tot
282 648 400 702 veniant
418 649 533 715 cultus,
555 657 708 727 totlopes,
731 660 776 705 tot
793 653 943 723 splendida
963 665 1085 725 cuncte,
1150 654 1197 685 ⁴¹·

200 743 238 796 Ut
256 743 328 795 nulli
348 742 437 796 nobis
457 743 552 795 ausint
570 748 685 797 certare
703 744 844 814 priores?
1051 784 1054 789 ,
1188 768 1226 797 ·.-

199 836 267 890 Nos
288 836 374 888 etiam
393 846 564 903 argentum,
587 852 644 891 nos
661 837 763 890 nobile
783 838 925 894 mittimus
943 857 1065 910 eurum,
1188 772 1256 879 du

199 928 267 982 Nos
285 928 409 994 legimus
429 944 578 995 gemmas,
598 938 626 982 et
644 930 766 985 suecina
783 931 881 1001 prisea
899 935 1011 988 recenti

199 1020 373 1090 Spernimus
394 1020 532 1087 invento,
550 1030 628 1076 tants
646 1028 696 1077 est¹
709 1023 867 1091 industria3
887 1034 1000 1079 tantum

199 1113 358 1165 Crevimus
377 1113 520 1181 ingeniis,
540 1123 568 1166 et
586 1115 683 1168 adhuc
700 1115 767 1185 quis
786 1115 866 1183 lingit
885 1116 921 1171 ab
939 1118 1050 1172 horum

196 1196 406 1272 Degenerasse
426 1219 542 1276 patrum
560 1207 687 1274 virtute,
706 1208 870 1262 illustribus
888 1190 981 1287 petis3

199 1299 275 1350 Cum
295 1299 391 1352 videat
410 1300 566 1368 cultusque
584 1316 700 1368 novos,
722 1302 876 1372 possitque
896 1309 1043 1357 vetustam

197 1391 372 1446 Barbariem
390 1392 467 1445 votis
487 1392 586 1445 odisse
597 1432 605 1458 ,
624 1393 689 1445 haec
708 1402 843 1463 tempora
861 1395 939 1448 votis

200 1485 346 1538 Omnibus
366 1485 514 1554 amplecti.
552 1485 631 1540 Nam
649 1502 792 1556 quaenon
812 1503 916 1556 aspera
936 1489 1088 1557 quondam

197 1578 285 1631 Dicta
307 1578 398 1644 magis
418 1578 503 1630 tellus
523 1577 576 1629 alia
596 1587 660 1644 est,
683 1595 762 1631 nunc
781 1581 882 1633 omnia
900 1581 1005 1648 gignit,

197 1671 270 1725 Vino
290 1670 397 1735 etiam,
420 1669 640 1738 pulchrumque
660 1686 803 1737 crocum,
824 1682 982 1741 vestesque
1002 1673 1148 1741 superbas

198 1763 374 1832 Velleruque
394 1772 421 1814 et
446 1763 545 1828 fruges
565 1761 743 1828 confertim,
765 1768 852 1831 atque
872 1779 962 1815 onine
980 1766 1145 1818 metallum.

197 1855 346 1910 Praeterea
364 1856 412 1923 (ut
431 1853 530 1921 fingis)
549 1854 646 1909 donec
665 1853 835 1908 desedimus
854 1854 910 1908 isto
1204 1836 1206 1840 ‚

198 1950 231 2002 In
250 1958 380 2018 corpore
399 1947 493 2018 pigri,
514 1946 644 2016 dumque
662 1947 715 1999 has
735 1947 926 2002 tractavimus
947 1957 1042 2018 artes,

198 2042 260 2095 Hac
279 2042 307 2093 in
326 2040 465 2109 segnitie,
489 2039 600 2092 interea
618 2039 751 2108 quaedam
772 2038 883 2106 egimus
904 2041 985 2095 omni

197 2134 317 2201 Ingenio
337 2143 471 2187 veterum
489 2132 621 2201 majora,
641 2150 675 2185 ac
694 2132 779 2185 laude
797 2140 965 2205 parentum.

198 2227 305 2282 Obiice
323 2227 482 2292 desidiam,
501 2235 658 2296 torporem
676 2234 706 2278 et
722 2224 815 2278 molle
835 2224 986 2294 quietum,

197 2321 303 2376 Obiice
321 2321 400 2372 livor
419 2321 512 2372 edax:
534 2333 591 2371 nos
610 2318 751 2388 quasdam
770 2317 937 2370 invenimus
957 2326 1052 2384 artes,

196 2415 332 2488 Quarum
350 2413 429 2465 nulla
446 2411 516 2464 satis
534 2411 651 2463 laudem
672 2408 870 2463 celebraverit
892 2419 970 2463 setas.

195 2509 274 2562 Nam
293 2524 356 2576 quae
376 2505 506 2557 sidereus
524 2503 637 2555 vocalis
656 2500 791 2553 machina
811 2500 921 2554 turreis

194 2599 323 2666 Delicit,
343 2615 377 2650 ac
396 2595 505 2651 solidas
524 2594 652 2663 impulsu
672 2591 804 2644 concutit
823 2606 907 2644 arces
914 2628 924 2656 ,

194 2692 367 2762 Moeniaque
387 2698 416 2742 et
435 2687 566 2758 spissos,
587 2693 704 2754 aggesto
723 2684 856 2754 pondere
867 2723 876 2750 ,
894 2699 999 2737 muros

194 2788 329 2856 Aequat,
348 2782 510 2852 sternitque
530 2781 654 2845 domus,
674 2787 702 2830 et
720 2775 843 2829 destruit
862 2775 973 2843 urbes,

147 2904 156 2925 ι
194 2867 310 2932 Prodiit
327 2894 342 2929 s
360 2875 458 2929 nobis.
497 2875 563 2928 Nos
582 2871 668 2942 primi
691 2869 866 2923 excudimus
886 2885 964 2935 sere,

194 2970 232 3022 Et
250 2967 372 3036 sculptis
391 2983 509 3019 masura
527 2966 604 3018 notis
615 3006 623 3032 ,
642 2973 686 3017 tot
704 2963 801 3030 secla,
819 2970 864 3015 tot
882 2978 975 3015 annos
986 3002 996 3029 ,

195 3063 293 3115 Omne
312 3074 403 3124 genus
422 3057 523 3124 scripti
541 3055 665 3121 Vatum,
686 3066 871 3122 aeternosque
888 3053 1009 3127 labores
1020 3055 1029 3118 ξ

197 3154 330 3227 Quaeque
352 3148 401 3200 diu
418 3165 507 3200 nemo
526 3146 664 3216 perituris
685 3145 820 3199 scribere
839 3143 949 3196 chartis

194 3247 322 3310 Posset,
342 3252 370 3296 et
387 3240 416 3292 in
434 3240 540 3292 multas
561 3238 598 3290 ita
616 3237 726 3307 passim
745 3251 883 3304 spargere
902 3241 1021 3301 gentes,

192 3342 254 3398 Per
271 3354 327 3392 nos
345 3351 404 3388 uua
423 3333 484 3387 dies
505 3333 534 3386 in
553 3330 633 3390 mille
652 3327 802 3382 volumina
820 3327 947 3397 profert.

194 3433 287 3509 Quod
304 3438 416 3483 tantum
436 3435 497 3493 est,
519 3431 552 3477 ut
568 3423 592 3476 si
612 3429 733 3476 cunctas
751 3419 946 3492 perpenderis
965 3425 1059 3483 artes,

192 3528 263 3584 Itala
281 3539 354 3595 quas
374 3521 470 3587 acies,
493 3517 670 3586 Latiumque
689 3521 815 3569 exercet
833 3527 977 3578 acumen,

194 3619 330 3675 Invenias
349 3629 454 3670 omnes
474 3612 531 3666 hac
551 3609 672 3663 utilitate
694 3607 838 3675 majores.

191 3713 283 3767 Nunc
302 3711 458 3781 quisquam
477 3706 651 3758 innumeros
673 3700 759 3753 etium
778 3699 814 3751 de
834 3713 966 3768 paupere
985 3692 1071 3750 turba

194 3804 312 3870 Exiguo
331 3810 413 3872 parat
431 3816 488 3852 aere
507 3779 623 3863 libros,
645 3803 673 3847 et
691 3809 817 3847 munere
834 3799 940 3843 nostro

197 3894 395 3965 Consequitur
415 3895 511 3947 decus
522 3887 649 3959 ingenii,
669 3901 823 3958 parvoque
842 3882 948 3937 labore

197 3990 304 4046 Omnia
322 3986 369 4040 vel
387 4003 441 4057 per
459 4002 491 4042 se
510 3985 588 4059 (quse
606 3982 697 4050 longo
718 3977 883 4035 addisceret
900 3989 976 4043 usu,
