2640 4634
364 829 449 914 De
494 843 636 912 arte
677 816 1210 910 versificatoria

535 976 736 1044 Carmen
761 972 1033 1044 Heroicum.

281 1308 370 1399 Onis
389 1335 515 1395 modus,
535 1342 563 1385 et
581 1344 645 1402 (luae
664 1326 721 1383 sint
739 1331 886 1384 servando
911 1328 938 1381 in
959 1328 1089 1384 carmine
1108 1328 1207 1402 teges,

274 1398 323 1487 fi
335 1448 394 1500 quo
414 1444 539 1497 <tuaeque
557 1442 644 1479 suum
663 1425 799 1477 distentat
818 1419 929 1492 syllaba
946 1434 1082 1495 tempus,

274 1498 390 1576 inittera
409 1534 481 1591 quas
501 1512 580 1571 v'ites
598 1516 724 1584 habeat,
744 1531 864 1586 quoque
884 1517 988 1570 ordine
1006 1529 1115 1587 mutet,

274 1592 385 1665 ¹Omnia
404 1596 559 1666 discutiam
576 1605 695 1679 paucis,
713 1609 774 1660 hue
793 1610 857 1661 laeta
872 1608 1013 1677 juventus
1111 1610 1114 1617 ’

273 1682 365 1759 Verte
386 1704 473 1758 animi
494 1710 616 1767 votum,
635 1701 856 1770 sitibundasque
877 1702 976 1755 imbue
997 1704 1109 1759 falices

270 1770 366 1863 ii'o‘n,
385 1790 451 1867 quia
470 1804 613 1866 praetcrea
631 1793 776 1863 seriptum
795 1792 865 1846 nihii
887 1790 955 1847 utile
974 1796 1089 1864 dicam,

274 1888 349 1955 Sed,
369 1889 435 1958 quta
454 1900 562 1939 munus
580 1883 691 1950 habes,
711 1885 808 1938 animo
828 1895 958 1954 gratante
977 1886 1164 1957 profectum,

272 1962 431 2052 improbet
450 1964 504 2033 ista
520 1978 609 2043 licet,
629 1975 676 2030 cui
695 1987 826 2030 mentem
845 1979 944 2032 insana
963 1980 1055 2034 libido

275 2060 422 2142 carpendi
441 2064 538 2124 studio
556 2078 661 2135 vexat,
680 2066 753 2122 mihi
772 2070 849 2149 fama
868 2072 1018 2139 trahatur,

272 2166 368 2235 inque
387 2163 449 2217 dies
468 2162 539 2214 mihi
554 2154 671 2232 ¹perstet
687 2162 788 2215 honos
799 2203 807 2229 ,
826 2150 897 2217 mihi
916 2164 1009 2233 gloria
1028 2176 1144 2236 surgat,

271 2238 336 2338 Qui
356 2236 590 2322 vetit'invideat,
609 2252 701 2326 seque
721 2254 782 2308 hoo
805 2268 937 2311 moerore
957 2254 1065 2327 fatiget.

953 2354 959 2365 “
1018 2360 1059 2397 f

266 2414 273 2449 j
299 2416 302 2421 “
730 2415 825 2438 'Gn-⁸*

272 2504 385 2652 ffers
405 2528 482 2602 ¹apud
502 2525 604 2586 Latios
624 2530 680 2585 isto
700 2532 870 2587 discrimine
892 2532 987 2589 fertur

167 2628 178 2655 ’
272 2622 394 2687 ionalis·
413 2625 560 2690 Criricos‚
580 2626 660 2693 quod
679 2642 772 2678 voces
793 2625 1041 2702 integra-reddat,

266 2698 366 2771 'Tales
384 2716 514 2787 quinque
535 2724 651 2784 putant,
671 2733 689 2784 y
708 2716 815 2789 Graeca
835 2719 941 2771 exinde
966 2731 1101 2777 retracta}

275 2810 433 2874 Consona,
454 2808 534 2875 quod
552 2822 645 2860 voces
664 2807 703 2859 nil
722 2817 837 2861 mutans
858 2810 972 2865 adiuvat
991 2808 1087 2884 ipsam,

274 2903 308 2979 In
328 2919 360 2955 se
377 2898 455 2952 nulla
474 2908 590 2964 tamen,
609 2897 664 2952 nisi
682 2900 809 2954 vocibus
830 2898 922 2957 addita
941 2907 1042 2961 rectis,

273 2984 386 3047 Harum
407 2992 509 3062 aliquae
528 2986 616 3046 nobis
635 3008 728 3046 vanos
747 2995 918 3049 referuntur
936 2999 970 3051 ad
988 3016 1078 3066 usus,

273 3086 350 3161 Quae
368 3085 444 3154 sint,
463 3085 545 3138 disce
562 3084 668 3152 brevi,
687 3085 794 3156 quibus
815 3105 830 3140 e
848 3104 909 3142 non
929 3104 1046 3146 assonat
1066 3087 1146 3163 ipsis.

274 3179 302 3234 Ο
320 3189 419 3234 tamen
435 3196 455 3232 u
470 3180 608 3247 junctum
627 3187 683 3232 stat
702 3180 729 3231 in
750 3188 840 3232 versu
858 3176 1091 3252 crebrius‚illo‚'

273 3263 459 3343 Ut'sequor,
477 3280 509 3323 ut
529 3271 686 3339 quoniam,
705 3282 790 3325 vetus
810 3283 854 3326 est
875 3275 1031 3345 scripsisse
1052 3279 1201 3335 calendas.

274 3363 300 3415 H
318 3372 388 3414 nota
406 3362 556 3416 nonnullis
575 3362 655 3415 venit
673 3362 810 3433 aspiratio
830 3355 949 3435 verbis,

272 3454 346 3506 Non
364 3463 463 3526 tamen
483 3448 617 3519 idcirco,
636 3472 696 3525 quo
715 3455 811 3524 possit
829 3456 923 3510 littera
942 3454 1010 3513 dici.

274 3547 376 3612 Addo,
395 3547 475 3616 quod
495 3550 523 3599 in
541 3563 632 3598 versu
651 3540 828 3614 eadithae,
849 3560 876 3602 et
894 3552 971 3603 nulla
991 3562 1109 3621 putatur

274 3640 388 3703 Necte
408 3636 587 3704 conturbet,
608 3634 631 3690 si
653 3636 798 3693 obiecerit
816 3658 891 3695 unus
912 3652 939 3696 et
958 3644 1048 3710 alter,

272 3727 447 3794 Posthabito
467 3730 596 3783 coluisse
615 3729 721 3796 Sam0‚
740 3724 790 3784 hic
810 3734 885 3787 itlius
906 3752 1004 3802 arma,
1050 3774 1052 3778 .

272 3830 344 3882 Non
366 3839 420 3888 ego
441 3814 606 3885 eimiirmo,
625 3839 684 3889 quo
705 3824 860 3893 quisquam
881 3836 925 3878 est
943 3830 1040 3880 rarior
1057 3841 1140 3886 usus.

275 3921 300 3972 Χ
320 3917 406 3984 ditipa
426 3926 486 3978 est,
512 3913 792 3980 ven=1·r·s(brrvitas
814 3936 881 3970 eum
901 3899 978 3971 forte
993 3922 1128 3988 juvaret)

150 3230 187 3295 st.
