2640 4634
163 370 207 444 90,
494 360 552 443 De
578 366 656 436 arte
679 355 830 434 versifio.

160 553 271 610 Plurali
291 559 410 616 rectus,
430 566 546 620 cunque
565 555 741 615 accusante,
760 557 902 616 vocator,

160 647 284 712 Longus
305 644 377 709 erit,
396 658 565 714 quanquam
583 652 628 697 est
645 643 757 696 neutris
775 642 874 694 brevis
893 641 1032 699 omnibus
1051 659 1124 702 usus

127 758 129 765 ¹
162 737 288 797 ,Casibus
307 737 331 791 is
350 735 472 805 lqngum
492 743 555 801 est,
578 735 630 790 sed
650 734 707 788 bus
727 734 838 800 breve,
857 753 934 803 porte
953 736 1082 800 duobus.
1160 722 1162 726 ⁸

162 829 252 904 Quod
270 828 363 889 semei
382 826 508 899 exposui
526 826 673 896 generali,
697 827 818 887 candide
838 827 936 893 dieto,

160 907 230 994 qun
247 921 316 984 satis
336 933 381 976 est
397 920 510 990 lector,
527 935 624 994 neque
644 919 721 982 enim
738 921 895 990 perlonga
913 922 1068 980 morabor.

159 1112 187 1164 A
207 1107 255 1170 fini
273 1108 395 1172 longum
415 1112 476 1171 est,
497 1104 551 1161 sed
569 1119 656 1167 casus
675 1106 798 1176 corripit
813 1105 902 1173 illud,

159 1196 275 1257 Praeter
291 1192 467 1267 ablativum,
487 1196 640 1269 Graioque
660 1215 699 1251 ex
718 1200 839 1266 nomine
858 1201 1001 1269 quintum.v

159 1294 259 1363 Ultra,
282 1293 337 1359 ita,
355 1291 403 1343 vei
422 1289 505 1360 quia,
525 1306 594 1350 cum
615 1292 741 1359 frustra,
761 1303 829 1364 puta
846 1292 938 1355 mixta
955 1295 1091 1360 leguntur
1098 1331 1109 1360 ,

158 1387 262 1452 Longa
282 1394 379 1439 tamen
399 1381 528 1451 erebro,
548 1381 625 1447 ginta
646 1385 843 1445 communiter
862 1385 938 1453 exit,

161 1478 219 1550 Qui
240 1478 300 1529 finit
317 1484 478 1540 nnmeruS,
501 1474 594 1527 breve
615 1476 814 1544 quadringinta
830 1478 970 1544 manebit,

157 1570 196 1628 Et
214 1572 238 1627 si
258 1570 337 1640 quod
356 1567 450 1636 simile
470 1576 532 1634 est,
550 1567 638 1633 toties
656 1569 720 1632 heec
738 1571 837 1636 regula
855 1571 936 1636 fallit,

155 1755 183 1827 E
200 1755 301 1811 brevis
321 1761 383 1819 est,
403 1753 518 1809 Graecis
537 1753 692 1808 muliebria
710 1756 796 1823 ionga
815 1758 970 1823 feruntur,

156 1848 204 1902 Sic
222 1865 287 1917 qu'e
307 1865 326 1901 o
344 1847 426 1911 finito
445 1846 565 1910 veniunt
586 1846 723 1901 adverbia
743 1865 831 1915 casu,

153 1941 309 2007 Deducta,
329 1949 359 2002 ut
378 1939 522 2011 pulchro,
545 1939 691 2009 longeque
712 1958 727 1992 e
747 1941 839 2002 verba
857 1942 1005 2001 secundae.

155 2035 231 2092 Cum
253 2050 342 2103 quare
361 2035 494 2103 prodpc,
512 2034 684 2101 fermeque,
704 2035 844 2103 fereque,
864 2035 1017 2103 fameque3

153 2128 192 2182 Et
210 2125 427 2196 monosyllabae
445 2125 509 2205 ψ
525 2142 564 2179 ne
582 2112 701 2200 brevis,
723 2128 793 2180 dum
812 2135 970 2192 connotat,
989 2144 1024 2189 arr
1043 2127 1090 2182 sit.
1154 2169 1158 2176 .

459 2204 479 2235 ‘⁴'
490 2210 554 2295 §.⁰2
574 2235 645 2277 eave
655 2259 664 2285 ,
684 2235 763 2271 nune
782 2229 920 2289 correpta
935 2219 1090 2288 leguntur,

153 2222 244 2276 Nunc
263 2230 330 2274 sunt
350 2220 412 2293 1⁶⁴,

155 2311 283 2385 Quintus
302 2321 329 2365 at
348 2312 393 2374 in
405 2294 531 2403 5¹,
545 2327 613 2377 oum
632 2320 718 2364 sexto
737 2312 842 2378 longus
860 2312 996 2366 habetur.
1054 2329 1057 2338 ·

152 2405 213 2459 Die
231 2404 327 2474 bene,
347 2406 393 2470 dic
411 2388 504 2475 mer,
524 2413 551 2468 et
568 2404 627 2458 huc
645 2405 790 2471 generalia
809 2422 937 2472 congere
956 2405 1052 2477 diota,

151 2496 263 2563 Partim
281 2498 319 2553 ita
336 2498 423 2578 longa
441 2495 527 2550 vides
544 2494 682 2551 adverbia
701 2507 841 2568 raptaque
861 2497 978 2568 partim.
1057 2565 1059 2572 η

150 2682 172 2743 J
188 2683 320 2752 produc,
339 2684 402 2754 pari
422 2683 599 2753 corripitur,
619 2681 788 2750 similesque
808 2682 965 2748 cadentes,

149 2774 266 2827 Phillidi
284 2792 345 2840 non
365 2792 452 2834 secus
471 2775 604 2842 esttibi,
624 2790 693 2826 cum
711 2774 801 2841 mihi,
820 2775 947 2845 ubique,
969 2775 1103 2845 sibique,

149 2865 187 2922 Et
204 2866 279 2932 nisi,
298 2867 401 2920 deinde
421 2868 522 2938 quusi,
545 2869 591 2920 vel
611 2867 669 2930 ibi,
689 2870 858 2929 communia
875 2880 974 2941 sunto.

148 3049 175 3116 Ο
194 3052 272 3115 varia
292 3060 336 3105 est
354 3052 485 3120 cunctis,
506 3054 558 3107 scd
577 3059 646 3106 eunt
664 3052 871 3121 monosyllaba
889 3054 986 3120 longi,

146 3144 238 3200 Ponis
258 3145 286 3197 in
305 3146 383 3209 hane
402 3147 504 3214 etiam,
525 3165 579 3214 ceu
599 3165 690 3212 vero,
710 3147 848 3200 adverbia
866 3162 1020 3212 normam,

144 3237 275 3304 Mutuo,
295 3240 422 3307 crebro,
442 3241 518 3307 cito,
537 3257 623 3307 sero,
642 3240 745 3293 sedulo
765 3239 792 3292 in
812 3241 929 3308 ancipiti
948 3255 1014 3294 usu.

144 3328 229 3383 illico
252 3333 452 3397 contrahitur,
470 3349 590 3402 semper
608 3334 700 3388 modo
721 3332 909 3403 corripietur.

143 3422 170 3473 U
188 3421 308 3490 longum
328 3434 388 3491 est,
407 3425 478 3483 nihil
496 3426 566 3479 hine
585 3425 678 3479 demis
689 3465 698 3492 ,
719 3425 762 3478 sic
781 3404 888 3493 come
905 3441 1014 3476 cornu.
1045 3497 1047 3501 ‚

144 3512 177 3567 ln
197 3512 238 3567 bd
257 3523 284 3569 et
303 3528 345 3572 rnt
363 3518 471 3572 breves
491 3528 616 3577 cunctos
635 3518 772 3591 posuisse
791 3501 936 3573 videmus.

71 3686 75 3693 ’
143 3696 224 3766 Saepe
242 3704 339 3752 tamen
356 3701 451 3754 miror
470 3711 482 3754 t
499 3703 678 3775 produxisse
696 3712 811 3774 poetas·

140 3790 224 3844 Naso
243 3791 353 3858 refert,
374 3811 442 3847 cum
460 3811 536 3846 voce
558 3795 645 3863 abiit,
667 3807 733 3864 ego.
769 3794 877 3848 Junius
897 3793 1007 3863 inquit,

140 3881 269 3950 Magnus
291 3883 362 3937 civis
383 3885 462 3953 obit,
485 3895 512 3939 et
529 3888 703 3942 formidatus
724 3888 847 3943 Othoni.

141 3975 206 4031 Sive
228 3977 297 4032 lieet
316 3977 428 4044 ductio,
447 3980 509 4034 sive
527 3980 588 4034 hoc
606 3981 644 4035 ita
662 3998 793 4053 syncopa
811 3977 918 4050 poscit.
