2640 4634
438 396 484 448 an
508 368 647 449 Hutten
673 387 744 451 ete.

97 562 182 625 Hine
201 572 249 624 tot
267 560 393 624 virtutis
413 585 495 626 verae
513 567 704 630 monimenta
723 571 867 655 reliquit,

169 663 221 725 De
241 673 409 746 sanctaque
426 666 497 743 pios
515 667 681 750 relligione
700 670 808 734 libror.

97 761 180 824 Hine
198 763 292 824 toties
312 763 397 824 vitiis
415 764 525 828 indicit
545 769 674 831 amabile
694 771 828 848 bellum,

170 863 304 944 Nosque
322 863 480 925 salutifera
499 866 540 928 de
559 869 673 945 pietate
692 871 796 949 docet.

96 963 179 1025 Hine
198 963 293 1024 docet
310 965 453 1050 incautos
474 968 619 1050 ambages
639 971 770 1033 Audiens
789 973 914 1050 Aule,

170 1063 261 1124 Hane
279 1064 568 1129 et‘luotisiou'm
585 1069 709 1131 disserit
728 1092 796 1133 esse
815 1075 940 1136 Mare.

95 1161 199 1244 Perge
218 1159 333 1244 igitum'
352 1166 517 1242 Lodoiee‚
538 1179 597 1229 ture
620 1188 690 1248 spes
709 1152 826 1250 optima
845 1175 967 1254 gentis,

171 1264 212 1322 Et
232 1263 328 1322 decus
347 1266 494 1326 Huttenae
514 1268 757 1352 praesidiumque
776 1271 908 1334 domus:

61 1374 64 1380 ’
96 1361 132 1422 ln
153 1383 218 1443 quo
238 1364 426 1445 magnanimi
444 1366 592 1430 facundia
611 1381 677 1430 tota
694 1371 812 1431 revixit
867 1408 870 1411 ·

168 1461 281 1550 Uirioi,
302 1484 339 1529 ac
356 1466 461 1546 patrio
481 1488 571 1551 paene
591 1469 710 1531 ruentis
725 1488 828 1533 emor.
881 1546 883 1550 Ι

517 1687 681 1703 π--ι-η-ι

197 1856 245 1930 ln
271 1860 426 1965 Hutteni
444 1861 664 1930 Aminiam
686 1859 829 1932 Eobon.
850 1864 999 1935 Hessos.

92 2063 155 2126 Tot
176 2088 232 2128 sua
251 2077 310 2128 stat
330 2068 450 2144 populo
470 2077 628 2148 gestarum
649 2067 749 2149 gioria
768 2089 875 2129 rerum

166 2167 271 2240 Salva,
296 2188 387 2229 suurn
406 2177 453 2226 tot
475 2168 576 2228 adhue
595 2170 706 2240 saecula
725 2189 841 2228 nomen
859 2167 962 2230 habet.

90 2267 196 2328 Audet
217 2267 318 2327 adhue
336 2277 460 2340 veteres
479 2265 637 2329 reminisci
657 2269 759 2357 Roma
779 2267 970 2346 triumphos,

120 2368 131 2379 ”“
164 2369 206 2428 Et
224 2365 333 2429 mortis
354 2367 488 2447 quadam
506 2365 616 2430 vivere
636 2379 724 2446 parta
743 2389 816 2429 suae.

91 2467 166 2545 Quae
186 2465 297 2547 nequit
319 2465 386 2544 ipsa
406 2476 474 2528 tuas
495 2468 662 2529 ostendere
685 2464 785 2547 Troja
803 2466 926 2540 ruinas,

163 2564 303 2626 Maeonio
328 2566 446 2626 clarum
468 2564 605 2626 carmine
624 2587 741 2627 nornen
760 2567 862 2628 habet.

93 2665 204 2726 invida
223 2686 288 2725 non
308 2675 388 2726 totas
408 2675 585 2726 merserunt
602 2664 716 2725 funera
736 2663 879 2725 Thebas:

162 2763 253 2826 Vivit
272 2766 373 2826 adhue
396 2763 512 2844 Sparte
534 2785 600 2826 non
621 2764 791 2827 moriturus
812 2765 925 2826 honor.
1014 2824 1018 2834 ,

89 2866 237 2927 Nondum
255 2865 398 2927 Palladiae
419 2888 550 2944 prorsus
572 2865 731 2928 cecidistis,
750 2866 896 2938 Athenae,

32 3037 37 3046 ⁵
163 2965 325 3046 Quicquid
346 2976 377 3026 et
398 2964 518 3036 eximiae
540 2965 660 3027 Graecia
678 2965 778 3027 laudis
800 2965 902 3027 habet.
1003 2962 1005 2966 ’

88 3064 213 3147 Integra
236 3067 330 3126 floret
353 3066 454 3126 adhue
476 3066 588 3126 Pelleae
609 3065 709 3146 gloria
729 3065 848 3147 gentis,

159 3166 329 3227 Persarum
349 3185 466 3224 nomen
487 3164 570 3224 fama
588 3175 747 3242 superstes
769 3164 871 3224 hebet.

87 3265 258 3328 hmumerae
283 3259 393 3347 gentes
417 3261 481 3323 aliae
504 3252 708 3324 sua'nomina
728 3270 869 3322 servant:

161 3370 311 3448 Quasque
336 3359 582 3443 supervacuum,
608 3381 750 3442 quosque
772 3358 893 3418 referre
915 3364 1083 3452 moreest.
1111 3381 1129 3440 y·
1181 3398 1184 3402 r

86 3467 154 3530 Una
174 3488 231 3528 sua
250 3465 362 3528 mer'ito
382 3465 525 3549 fraudata
544 3474 594 3530 est
612 3459 711 3521 laudis
734 3461 856 3520 honore

159 3568 308 3646 Semper,
332 3578 364 3627 et
385 3562 560 3626 incelebris⁴
576 3559 731 3622 'l‘eutonis
752 3579 808 3619 ora
826 3556 898 3625 suit,

85 3664 151 3732 Cur
173 3663 237 3728 ita?
259 3689 327 3748 quae
350 3665 442 3726 nobis
467 3684 517 3724 res
539 3665 622 3723 hune
641 3658 753 3719 invidit
772 3661 925 3720 honorem
953 3731 957 3741 „

158 3769 238 3830 Fida
261 3765 346 3840 alibi,
370 3785 427 3825 cur
445 3766 495 3825 hie
516 3762 598 3823 fama
617 3759 750 3840 maligna
771 3757 853 3819 fuit?
983 3823 985 3828 ,

85 3871 151 3945 An,
174 3867 250 3950 quia
271 3887 337 3927 non
358 3864 454 3926 rebus
479 3861 657 3935 eleri,‚non
678 3861 783 3920 Marte
802 3853 969 3936 potentes?

156 3968 224 4042 An,
250 3965 323 4049 quia
343 3985 401 4027 nos
423 3964 525 4026 victos
547 3983 628 4043 saepe
648 3958 764 4033 fuisse,
786 3955 905 4037 pudet?
