2670 4628
533 288 791 439 Panegyricus.
1097 352 1167 424 295

226 535 346 590 Primus
362 534 465 589 honor
481 533 593 601 Marti,
613 535 720 605 clypeo
739 535 825 589 Mars
845 533 936 604 fulget
954 537 983 588 et
1001 552 1081 593 ense.

160 626 402 698 Germanamque
421 643 510 681 manu
528 628 671 682 frameam
691 637 789 695 tenet,
813 626 891 683 iliius
909 629 967 684 aris

157 720 283 775 Victima
302 724 396 791 prima
414 719 506 788 cadit,
525 722 618 789 gentis
639 732 722 793 pater
741 722 802 792 ipse
822 723 925 776 vocari

159 815 293 881 Gaudet,
313 824 342 869 et
359 817 474 870 Arctoo
494 816 594 868 sedem
613 814 669 868 sibi
691 815 788 882 deligit
807 827 899 880 orbe,

159 908 265 960 Cernis
285 917 313 960 et
331 906 473 974 Alciden,
487 907 654 974 junctoque
674 908 827 962 Tuiscona
847 909 981 974 Manno,

158 999 329 1054 Teutonico
348 999 507 1053 horrentes
526 999 646 1067 habitu,
665 1011 848 1071 pugnataque
866 999 944 1054 bella

156 1090 196 1144 Et
213 1091 295 1160 Maja
313 1093 443 1159 genitum
463 1094 638 1159 Teutatem,
661 1093 824 1147 immitibus
843 1093 918 1159 aris,

159 1184 301 1236 Terribili
323 1186 439 1254 specie,
464 1194 492 1237 et
509 1186 623 1255 primos
643 1202 682 1239 ex
700 1187 804 1241 ordine
825 1199 910 1253 reges

158 1278 307 1330 immensa
326 1280 419 1344 serie,
437 1291 603 1349 nostroque
622 1280 770 1347 incognita
788 1280 883 1334 seclo.

156 1370 257 1422 Ardua
275 1372 350 1424 sacta
369 1373 483 1439 virum,
502 1373 594 1425 velles
613 1372 797 1451 Germania,
820 1369 912 1424 velles
981 1383 988 1394 ·

157 1461 256 1534 Quam
274 1481 343 1517 vera
364 1475 426 1532 est,
444 1475 504 1517 tam
522 1465 559 1517 sit
579 1465 697 1536 scriptis
715 1475 763 1518 tua
783 1464 900 1532 cognita
919 1463 1021 1520 virtus.

156 1554 230 1626 Quas
250 1557 608 1623 recommemorent,
627 1566 655 1610 et
674 1557 775 1626 proelia
796 1568 824 1610 et
842 1557 942 1626 ipsoS‚

156 1646 216 1719 Qui
235 1664 354 1714 gessere
376 1649 487 1713 duces,
506 1664 562 1700 nos
580 1650 631 1701 vix
651 1660 785 1702 extrema
804 1651 931 1702 videndo

155 1740 370 1809 Assequimur‚
389 1740 473 1791 datur
491 1740 621 1806 ingentes
641 1741 816 1792 lethevones
836 1741 925 1793 armis
948 1760 951 1771 ·

155 1832 310 1899 Nascere,
335 1840 363 1884 et
381 1832 576 1884 llermionum
595 1848 729 1901 praeceps
748 1848 842 1899 genus
864 1831 1004 1885 omnibus
1024 1830 1101 1884 ausis

153 1926 263 1993 Magna
281 1935 407 1993 gerunt,
421 1940 600 1995 spernuntur
617 1940 714 1999 opes,
733 1931 761 1978 at
778 1924 905 1979 bellicus
925 1922 1006 1977 omni

156 2019 307 2091 Quaeritur
325 2019 442 2087 ingenio
462 2019 575 2084 decor,
596 2028 624 2070 et
641 2018 750 2070 virtute
768 2029 888 2087 paratur

154 2111 242 2164 Fama
260 2112 350 2178 viria,
368 2111 465 2164 viden'
483 2120 514 2163 ut
533 2111 667 2181 cuisquis
687 2110 815 2164 feliciter
833 2113 942 2165 horum

154 2205 232 2257 Rem
254 2204 361 2271 gessit,
381 2222 442 2258 non
461 2198 542 2258 auxit
562 2221 650 2274 opes,
673 2221 780 2258 verum
800 2205 881 2257 auxit
899 2203 1070 2258 honorem?

153 2297 236 2350 Ecce
256 2315 346 2365 vagos
371 2296 459 2351 armis
479 2299 638 2365 Cimbros,
656 2297 829 2367 trepidantia
848 2310 953 2350 contra

155 2389 257 2441 Castra
278 2390 402 2457 Italum,
420 2391 563 2459 Latiaque
581 2400 678 2443 metus
697 2391 725 2442 in
743 2397 829 2457 gente
848 2400 983 2442 coactos

155 2480 254 2532 Carbo
277 2481 366 2545 fugit,
388 2482 501 2548 capitur
519 2481 667 2546 Scaurus,
685 2481 819 2547 Syllanus
839 2480 867 2531 in
885 2480 1005 2532 hostem

155 2572 275 2624 Frustra
294 2570 367 2636 agit,
389 2568 517 2622 o'stensae
535 2587 652 2639 poenam
673 2572 743 2623 dicit
764 2571 884 2623 Cassius
903 2571 964 2622 irae.

154 2663 293 2732 Praecipit
315 2678 396 2716 arma
414 2661 502 2715 bolus
521 2663 647 2731 primam
666 2664 713 2714 dat
732 2661 828 2717 Gallia
847 2659 996 2731 praedam,

154 2757 314 2826 Primaque
332 2754 463 2808 terrifico
482 2755 585 2807 mirata
605 2762 649 2808 est
666 2764 802 2824 tympana
824 2754 929 2823 pulsu,

155 2849 297 2906 Germani
317 2850 467 2902 inventum
487 2849 613 2914 Martis,
633 2847 807 2917 Cimbrique
828 2846 958 2911 furoriS,

154 2944 286 2997 Manlius
305 2943 432 2994 infausto
452 2951 556 2994 contra
574 2941 662 2994 trahit
680 2941 794 3007 agmina
813 2956 913 2994 cursu.

156 3036 249 3104 Cepio
269 3034 456 3099 succumbit,
475 3044 558 3085 vasto
577 3044 621 3086 tot
638 3035 728 3086 millia
749 3050 857 3104 campo

156 3129 344 3181 Circumfusa
359 3126 479 3193 jacent,
503 3124 576 3179 fines
593 3126 614 3177 it
632 3126 731 3178 victor
751 3125 858 3178 lberoa

157 3219 320 3273 Sollicitare
341 3235 445 3282 manu,
466 3227 493 3270 et
511 3227 607 3271 vastas
626 3219 754 3270 miscere
775 3217 887 3271 ruinas,

158 3313 289 3365 Celtiber
308 3311 405 3364 obstat
424 3326 532 3380 eques,
550 3310 638 3363 motis
658 3310 730 3379 petit
751 3310 821 3363 Itala
838 3305 928 3376 signis
963 3294 965 3298 V

157 3407 258 3472 Regna
278 3405 382 3470 ferox,
401 3412 505 3455 contra
524 3412 568 3456 est
584 3403 721 3470 Marius,
741 3403 804 3457 data
824 3402 909 3471 copia
928 3416 1041 3471 pugnae.

159 3497 233 3570 Quis
252 3513 313 3548 non
333 3496 379 3548 ille
399 3495 492 3570 dolis,
512 3513 568 3564 qua
587 3510 648 3549 non
666 3512 699 3549 se
718 3497 820 3549 fraude
838 3503 953 3561 tuetur,

156 3592 239 3643 Dum
256 3589 354 3642 vincat
372 3594 551 3659 quocunque
569 3589 685 3643 modo?
703 3604 791 3658 quam
809 3587 911 3640 vivere
932 3587 1036 3640 credas

158 3682 286 3734 Foemina
305 3680 381 3750 picta
400 3689 501 3734 movet
519 3690 648 3751 pugnae,
668 3690 696 3735 et
714 3680 815 3734 nescia
833 3669 937 3747 vinci,

161 3776 224 3842 ipsa
242 3774 297 3827 sibi
316 3773 425 3826 victrix
442 3783 571 3827 mortem
590 3775 768 3840 consciscit,
788 3782 817 3826 et
835 3774 932 3827 aufert

161 3867 295 3918 t'arceris
315 3866 527 3936 opprobrium,
544 3875 589 3920 tot
611 3867 723 3920 bellum
742 3866 850 3937 pendet
873 3865 901 3919 in
920 3880 1030 3934 annoS,

162 3959 215 4012 llic
230 3958 398 4015 Ariovistus
417 3961 574 4017 Gallorum
595 3960 693 4015 victor
715 3961 743 4015 in
764 3959 853 4014 armis
