2640 4634
421 763 664 843 lluttenus
702 770 757 842 ad
796 768 1047 842 Phacbum.

664 978 829 997 *fia—n—

233 1124 320 1225 Non
338 1161 442 1223 scribo
462 1180 548 1222 nunc
566 1161 680 1220 breves
701 1159 740 1219 ad
758 1170 790 1218 te
811 1158 915 1218 literas
935 1167 1083 1237 Phoebe,-
1117 1150 1162 1221 'db
1185 1168 1259 1221 eam

233 1284 358 1327 causam
386 1261 475 1344 quod
500 1260 609 1321 itidem
632 1256 747 1319 breves
767 1258 822 1317 abs
842 1269 874 1317 te
894 1242 1075 1337 expectem,
1103 1261 1161 1320 sed
1180 1261 1260 1342 quia

234 1362 293 1439 illi,
314 1361 370 1444 qui
389 1361 543 1435 afferunt,
572 1357 696 1442 gravari
716 1378 750 1417 se
771 1369 902 1436 putant,
929 1348 957 1418 si
977 1358 1154 1426 majusculae
1173 1347 1259 1420 exti-

234 1463 339 1526 terint.
395 1463 540 1534 Verum,
579 1471 614 1519 tu
641 1456 715 1519 mihi
749 1456 879 1536 copiose
912 1459 951 1518 de
983 1459 1080 1519 rebus
1110 1459 1259 1521 omnibus

235 1562 381 1636 scribito,
403 1577 479 1642 quas
497 1559 537 1621 ad
550 1579 600 1620 me
616 1556 777 1637 pertinere
796 1553 1009 1620 arbitraberis.
1048 1559 1151 1620 Etiam
1167 1550 1260 1645 qqod

236 1660 276 1725 ad
307 1665 496 1727 Trebellium
529 1678 729 1721 communem
768 1659 901 1719 amicum
933 1660 1096 1738 spectabit.
1142 1659 1261 1724 Adhuc

236 1765 414 1826 Vulcanum
433 1763 577 1835 aemulor,
598 1780 709 1820 verum
729 1758 899 1840 aliqnando
918 1759 1142 1835 miserabilius,
1163 1777 1262 1841 quam

236 1885 359 1944 nuper,
390 1862 499 1924 nescio
521 1882 561 1921 an
580 1860 716 1922 fortunae
736 1861 798 1920 hoc
816 1859 942 1937 potius,
977 1881 1071 1938 quam
1091 1861 1264 1929 temeritati

235 1987 311 2028 meae
334 1962 523 2035 adscribam,
551 1960 640 2042 quod
667 1957 742 2019 mihi
767 1957 800 2017 in
821 1969 930 2019 tenera
952 1972 1040 2020 atate
1061 1962 1152 2022 nullis
1173 1962 1262 2025 malis

237 2063 409 2126 subeundis
435 2050 576 2141 peperci.
616 2059 765 2118 Gratulor
789 2068 893 2118 tamen
918 2059 1012 2134 mihi,
1045 2064 1134 2144 qnod
1159 2063 1262 2125 bonas

237 2165 340 2228 literas
371 2160 559 2243 sequendo,
599 2178 659 2232 ea,
700 2179 769 2239 qnae
809 2159 938 2241 minime
970 2164 1172 2243 quaerebam,
1212 2166 1262 2228 iu*

238 2257 390 2326 venerim.
428 2260 491 2321 Sed
514 2271 548 2319 tu
570 2257 648 2340 qnid
668 2257 758 2339 agis?
792 2252 881 2320 (lueis
903 2281 942 2320 an
964 2252 1116 2326 duceris?
1153 2256 1192 2328 ld
1213 2268 1262 2330 est
1313 2266 1317 2274 '

239 2387 281 2426 ert
299 2369 347 2426 tot
365 2348 476 2442 puellis
497 2356 675 2421 Saxonibus
702 2378 796 2418 unam
822 2360 880 2420 tibi
904 2353 1125 2440 matrimonio,
1157 2369 1263 2449 (quod

231 2484 341 2545 -nuper
360 2461 456 2543 aliqui
474 2459 689 2534 susurrabant)
710 2460 900 2535 conscribis,
924 2483 963 2522 an
982 2476 1077 2541 caput
1094 2458 1196 2541 radis,
1226 2476 1262 2531 ut

161 2637 165 2642 ,
240 2566 353 2648 dignus
373 2565 429 2624 fias
450 2559 581 2621 caelestis
607 2559 685 2620 boni
711 2561 923 2623 ruminando?
960 2565 1012 2625 An
1031 2565 1093 2625 hoc
1114 2569 1205 2648 quod
1225 2580 1260 2630 tu

239 2663 433 2743 respondere
461 2661 606 2734 solebas,
630 2669 781 2724 Phoebus
800 2681 917 2721 manes.
954 2663 1052 2723 Libet
1070 2669 1200 2744 paulum
1220 2671 1261 2735 de

240 2785 290 2824 me
308 2762 462 2834 seribere,
482 2761 516 2820 in
534 2759 682 2820 umbilico
696 2760 818 2820 Mensis
831 2761 949 2837 Aprilis
961 2764 1264 2842 Papiamtlnsubro.

170 2879 172 2883 ’
241 2883 311 2925 rum
336 2861 449 2922 urbem
474 2857 608 2932 intravi,
634 2859 678 2920 ibi
702 2871 737 2918 ut
762 2879 803 2919 ex
824 2860 966 2922 instituto
989 2850 1113 2946 legibus
1133 2888 1264 2947 operam

241 2942 371 3026 darem.¹
390 2963 510 3041 Quarto
530 2979 637 3019 mense
654 2970 821 3040 postquam
835 2950 1042 3040 intraveram,
1065 2987 1083 3026 a
1100 2957 1264 3033 Gallorum

241 3057 411 3134 militibus,
432 3053 488 3142 qui
502 3051 610 3120 armati
625 3059 736 3120 urbem
753 3060 907 3121 adversus
921 3059 1087 3125 Helvetios
1102 3068 1263 3148 tenebant,

241 3176 306 3226 tres
324 3162 391 3223 dies
409 3161 573 3242 integros,
603 3172 783 3241 quanquam
802 3152 896 3222 etiam
918 3161 1009 3224 lehre
1031 3166 1197 3244 laborans,
1227 3172 1264 3234 in

243 3262 462 3346 angustissimo
492 3282 619 3322 recessu
649 3258 762 3322 domus
794 3261 940 3321 obsessus
969 3285 1039 3324 sum
1051 3311 1060 3339 ,
1091 3278 1264 3352 certusque

243 3360 325 3425 mori
342 3365 404 3424 hoe
421 3359 496 3423 inihi
517 3361 717 3441 Epitaphium
736 3361 801 3422 feci
820 3375 853 3422 et
873 3363 1025 3442 seriptum
1044 3369 1188 3447 apposui.

314 3580 374 3652 Qui
392 3581 502 3634 misere
518 3590 625 3647 natas,-
653 3583 824 3637 miserabile
843 3577 958 3637 transiit
978 3601 1074 3638 aevum
1083 3616 1096 3652 ,·

381 3690 463 3759 Saepe
483 3689 594 3743 malum
616 3698 716 3756 terra,
748 3703 889 3762 saepeque
905 3707 1010 3762 passus
1032 3703 1113 3764 aqua'.

313 3789 369 3849 Hie
393 3796 468 3850 iacet
486 3798 649 3864 Hutrenus,
676 3799 754 3854 Galli
775 3801 815 3853 nil
834 3801 890 3853 tale
913 3801 1048 3870 merenti,

382 3904 536 3958 Insontem
554 3905 655 3977 gladiis
675 3907 811 3977 eripuere
830 3909 969 3974 animam,-
