2640 4634
645 166 673 219 a!

142 381 255 432 xcvnr
303 352 580 430 Grabschrilten
607 355 684 426 und
706 353 986 457 Erinnerungen

68 578 71 586 .
143 551 210 611 Nec
228 549 290 623 fuit
309 560 363 610 aut
380 546 503 626 scriptis
523 547 650 620 honor,
672 557 725 608 aut
742 567 798 609 sua
817 548 916 629 gloria
934 549 1042 623 famae,

217 648 339 711 Littera
356 668 450 729 quam
468 645 556 710 tenui
576 647 709 712 duxerat
727 649 789 708 ulla
806 647 879 707 lide.

144 749 215 828 Ipsa
233 748 293 810 sibi
312 766 425 810 nunus
445 744 652 826 peperit-non
671 745 778 807 territa
797 745 914 822 virtus,
999 763 1003 771 ·

218 851 356 930 Hocque
375 846 447 910 satis
467 846 570 908 visum
590 856 646 906 est.
686 845 771 925 Quid
789 844 864 906 mihi
882 847 1070 925 posteritas?

105 939 108 944 ¹
144 949 253 1031 Quid?-
272 948 360 1032 quod
378 967 491 1029 magna
508 963 565 1007 sua
583 956 709 1031 narrant
726 946 766 1006 de
785 944 881 1024 stirpe
899 947 1057 1027 nepotes?

218 1050 294 1110 Haec
312 1049 395 1122 laus,
415 1047 579 1119 dixerunt,
600 1045 664 1107 otia
682 1066 780 1130 prava
797 1045 899 1106 trahit.
940 1085 946 1096 ·

142 1153 183 1212 Et
202 1148 347 1211 minimus
369 1145 493 1209 virtutis
513 1147 613 1207 honos
634 1166 670 1206 ae
691 1136 821 1207 versilis
835 1145 945 1207 umbra
964 1157 1027 1218 est,

218 1248 251 1311 Si
270 1249 322 1310 vel
343 1247 381 1308 ab
402 1246 540 1307 externis
561 1245 665 1305 victor
682 1245 716 1305 in
737 1243 814 1306 orbe
836 1244 931 1307 ferar.

141 1351 213 1410 Hoc
235 1349 327 1410 etiam
347 1355 497 1426 poterunt
516 1365 628 1425 nugae,
649 1344 742 1406 Latio
762 1366 803 1406 ne
822 1347 900 1408 fides
921 1346 983 1407 sit?

220 1448 366 1528 Cumque
386 1447 465 1518 hoe,
488 1465 623 1526 cumque
643 1445 719 1506 illud
739 1445 867 1506 credula
884 1448 976 1507 turba
994 1445 1079 1528 legit.

143 1546 295 1608 Historici
314 1543 472 1625 mendacis
493 1556 559 1605 erat
577 1545 652 1608 dare
664 1543 816 1622 ⁴pondera
837 1545 949 1620 rebus,

219 1647 308 1706 Heus
328 1642 420 1705 facile
440 1654 487 1704 est
506 1642 612 1704 verbis
634 1645 761 1717 tollere,
787 1645 838 1704 vel
859 1666 1012 1725 premere.

36 1787 40 1803 ,
143 1748 185 1808 Et
200 1743 315 1806 cecinit
328 1755 451 1806 nostras
470 1742 554 1812 Latii
570 1742 718 1805 facundia
736 1744 861 1819 laudes,
888 1780 891 1786 .
922 1803 926 1813 ,

218 1845 331 1906 invida
349 1844 408 1907 sed
425 1863 504 1926 gens
523 1844 604 1917 haec,
627 1845 789 1906 'santonas
809 1843 884 1926 igne
902 1843 982 1907 tulit.
1036 1853 1042 1863 ⁴

142 1945 251 2008 Fortia
270 1955 349 2028 quot
368 1945 454 2005 nullo
475 1954 688 2017 momorantur
707 1956 836 2023 pectora
854 1945 1003 2022 honore?

217 2049 368 2127 Quotque
388 2043 508 2118 latent,
522 2065 663 2126 ,quorum
684 2043 788 2105 sidera
807 2056 896 2125 gesta
913 2045 1044 2109 vident?
1069 2109 1071 2114 ,

143 2147 193 2208 Sic
213 2145 308 2206 sensit
328 2145 414 2206 nullo
435 2142 573 2230 domitus
592 2155 658 2204 tum
676 2143 771 2204 milite
795 2143 901 2220 miles,

217 2248 259 2306 Et
277 2244 355 2306 sorti
372 2255 418 2306 est
436 2266 563 2305 mensus
582 2243 679 2306 sortia
698 2244 780 2306 facta
799 2266 902 2306 manu.

143 2345 206 2406 Sed
224 2344 335 2406 melius
354 2345 461 2406 rerum
480 2342 571 2405 vobis
591 2342 654 2423 jam
673 2341 825 2423 prospicit
842 2345 940 2418 ordo,

108 2428 110 2433 Ι
217 2446 259 2506 Et
277 2443 352 2506 nihil
370 2445 435 2505 haec
454 2454 587 2524 possunt
606 2446 717 2505 saeeula
736 2440 839 2506 vestra
859 2442 960 2525 queri.

141 2541 264 2606 Invicto
286 2543 401 2626 quibus
422 2554 469 2604 est
492 2544 593 2604 Pallas
611 2541 780 2623 conjuncta
803 2543 943 2619 Gradivo

219 2647 295 2724 Quae
315 2645 390 2706 facit
409 2656 443 2706 ut
461 2646 578 2724 relegat
602 2643 733 2706 Caesaris
754 2655 820 2705 acta
840 2665 949 2723 nepos.

142 2746 184 2805 Et
203 2766 399 2826 quaecunque
419 2765 507 2805 novo
527 2744 626 2806 virtus
645 2753 783 2804 veterata
802 2742 921 2816 nitore,

217 2842 256 2902 In
271 2844 411 2904 Juvenes
430 2843 551 2904 tractim
572 2845 720 2918 contulit,
747 2841 844 2922 inque
860 2862 967 2917 senes,

141 2939 259 3004 Vester
279 2940 452 3003 inextincto
472 2964 627 3024 nusquam
646 2944 720 3004 dum
739 2940 844 3003 deficit
864 2941 944 3001 ordo
1035 2947 1038 2953 '

218 3041 371 3115 Robore,
391 3042 466 3103 dum
486 3040 585 3126 virtus
604 3041 714 3105 bellica
733 3037 834 3120 major
854 3040 958 3103 adest:

141 3141 291 3222 Dumque
312 3139 372 3202 viri
382 3186 390 3215 ‚
421 3140 513 3202 simul
532 3163 616 3202 arma
631 3129 738 3202 ferunt
754 3140 788 3202 in
805 3152 892 3202 vasta
909 3141 1044 3204 minaces
1151 3188 1154 3193 .

218 3241 373 3324 Agmina,
397 3243 472 3304 dum
492 3254 601 3323 gentes
624 3243 663 3304 ad
682 3263 738 3303 sna
755 3241 846 3302 frena
865 3242 1006 3304 domant:

142 3341 226 3403 Dum
241 3343 316 3422 'quac
337 3343 494 3403 Phoebeos
515 3361 620 3415 casuS,
643 3363 711 3423 qnae
733 3352 850 3420 spectat
870 3353 1005 3405 etortus

220 3440 344 3512 Tellus,
366 3441 525 3501 Germano
546 3439 643 3501 milite
664 3450 776 3500 cuncta
794 3440 889 3503 timet.

142 3537 276 3598 Postera
295 3549 326 3596 et
344 3540 408 3598 haec
428 3537 510 3597 viset
530 3537 664 3604 Hutteni
683 3537 818 3600 carmine
837 3541 955 3620 puber,

197 3624 199 3633 ’
220 3633 429 3715 lllajoresque
449 3634 568 3696 animos
589 3638 653 3700 hare
672 3638 863 3701 monimenta
882 3642 1009 3705 dabunt.

143 3732 205 3798 Cui
226 3735 338 3794 Venus
358 3736 397 3794 ad
418 3753 546 3795 versum
564 3734 661 3814 ridet,
683 3736 734 3799 cui
755 3739 891 3800 Phoebus
910 3743 1026 3820 Apollo

217 3833 391 3894 Mreonium
410 3830 539 3912 inspirat
556 3830 821 3917 Pindaricumque
840 3841 954 3913 melos;
1058 3896 1063 3902 .
