2640 4634
166 386 237 465 ael
522 383 805 485 Epigrammata.

529 576 604 656 D²e
645 581 804 656 lulio.

84 742 86 749 ¹
164 736 337 818 Pertaesum
357 763 404 814 est
423 748 527 829 Petri,
545 774 630 817 nunc
649 752 752 816 Julius
771 773 840 815 esse
859 753 1000 832 laborat,

240 855 356 918 Martia
374 853 560 936 contemptis
580 851 720 916 clatibus
740 873 824 916 arma
844 853 936 936 gerit.

165 958 289 1021 Πολλὰ
307 956 331 1023 δ’
351 955 493 1034 latrum
512 959 611 1028 ψυχᾰς
630 953 687 1018 eills
707 959 862 1037 πρόιαῷιν,

237 1058 330 1123 Hanc
348 1076 497 1123 summm
513 1057 613 1123 laudis
632 1056 779 1139 predicat
798 1055 848 1120 ille
865 1080 941 1121 suae.

588 1274 754 1290 m

418 1392 918 1524 DeJiu0,auuuo

164 1614 265 1682 Julius
285 1627 332 1680 est
352 1614 480 1693 Romae,
500 1614 572 1700 quis
592 1613 702 1680 abest?
721 1615 793 1680 date
813 1616 942 1682 numina
959 1619 1113 1702 Brutum,

235 1719 318 1783 Nam
336 1718 461 1802 quoties
481 1718 591 1782 Romae
610 1728 659 1780 est
676 1717 798 1796 Julius,
816 1719 868 1782 illa
885 1721 978 1802 perit.

199 2082 262 2151 De
277 2076 396 2152 Gallo
412 2087 454 2151 et
466 2079 655 2169 Caesare,
679 2077 864 2178 jamjam
879 2085 1150 2180 pugnaturis.

161 2269 259 2331 Arma
277 2290 336 2348 per
355 2267 504 2331 lnsubres
528 2270 691 2330 Gallorum
710 2270 801 2346 hinc,
823 2268 956 2335 Caesaris
975 2273 1069 2349 inde,

206 2369 389 2455 rMutuum
408 2369 441 2431 in
460 2369 594 2431 exitium
613 2383 702 2450 rapta
721 2381 870 2432 tenentur
890 2394 996 2455 agros.

131 2467 132 2471 ’
161 2466 328 2552 Utrimque
348 2482 414 2533 atra
433 2470 509 2532 viris
528 2470 648 2545 rabies,
673 2482 705 2532 et
726 2473 888 2554 sanguinis
907 2474 1018 2549 ardor,

237 2571 303 2632 Stat
321 2571 428 2647 ferro,
450 2583 483 2632 et
502 2571 600 2633 dubia
618 2572 702 2632 caede
722 2571 820 2651 petita
840 2571 943 2654 sequi·

111 2697 113 2702 ·
161 2672 236 2732 Non
252 2671 340 2733 licuit
358 2671 466 2753 superi
485 2684 604 2733 tantum
626 2692 753 2734 servare
772 2671 921 2734 cruoris?

236 2772 289 2833 An
306 2770 367 2832 nisi
386 2773 484 2834 cruda
505 2783 615 2850 parant
635 2775 768 2833 vulnera
788 2772 905 2853 cuique
924 2771 1043 2833 suum?

162 2873 205 2934 Et
221 2886 346 2932 causam
365 2871 411 2934 his
432 2855 555 2933 dederit
574 2883 647 2932 tuus
667 2873 719 2933 illc
738 2870 874 2932 vicarius
895 2869 986 2931 armis

238 2969 381 3046 Christe,
400 2982 554 3052 tuumque
575 2971 662 3032 omni
680 2970 792 3051 perdat
812 2969 895 3032 ovile
915 2970 1040 3032 modo?

5 3065 6 3069 ¹
163 3074 215 3134 Tu
233 3093 323 3134 casus
344 3071 487 3139 Fortuna
506 3072 610 3155 regis,
630 3083 662 3134 te
681 3069 789 3151 judice
808 3074 930 3134 certant

237 3173 405 3236 Gallorum
418 3172 492 3235 inde
512 3172 611 3250 acies,
633 3171 766 3236 Caesaris
785 3171 859 3238 hinc
878 3169 971 3233 acies.

438 3530 725 3630 Descriptio
763 3533 890 3627 Juglii.

159 3699 224 3780 Qui
242 3700 371 3778 chalybe
389 3713 421 3764 et
439 3701 528 3764 duris
537 3701 692 3768 namicitur
711 3702 813 3767 Julius
834 3703 942 3779 armis,

235 3799 400 3865 Terribilis
419 3802 535 3876 barba,
554 3803 776 3885 terribilisque
789 3824 889 3865 coma.

158 3898 223 3964 Cui
240 3910 350 3962 torvos
372 3903 507 3963 horrore
528 3903 638 3964 oculos
658 3904 747 3966 frons
768 3903 884 3964 occulit
903 3912 1013 3975 atrox,

233 4000 390 4062 Tartareae
409 4001 578 4082 ignescunt
597 4000 689 4085 cujus
709 4004 743 4066 in
763 4025 820 4067 ore
841 4004 942 4066 minae.
