2670 4628
551 780 707 848 Ulrici
735 784 788 843 de
819 785 1018 856 Huttcn,

597 923 976 994 EquitisGormanl,

429 1059 482 1120 ad
510 1055 740 1121 Caesarem
764 1052 1157 1117 Maximilianum

475 1200 911 1298 Epigrammatum
951 1195 1099 1277 liber,

650 1571 935 1640 Praefatio,
988 1628 1000 1651 Ἰ

254 1756 257 1761 “
290 1720 443 1824 Erumpit
469 1745 594 1805 tandem
619 1740 740 1817 Caesar,
780 1754 812 1802 et
837 1708 1059 1803 lenitatis'tuae
1085 1744 1229 1822 praesidio
1262 1743 1297 1803 in

289 1846 391 1906 lucem
408 1845 517 1925 egredi
536 1845 645 1919 audet,
670 1863 852 1923 magnarum
867 1865 1037 1922 nugarum,
1058 1844 1140 1904 haud
1155 1843 1199 1904 ita
1211 1865 1298 1924 mag-

290 1964 330 2005 na
346 1945 507 2024 diligentia
525 1945 702 2004 elaboratus
722 1964 738 2001 a
759 1963 809 2001 me
829 1943 967 2016 libellus,
992 1954 1027 2002 ut
1043 1942 1098 2023 qui
1111 1964 1152 2003 ne
1167 1945 1300 2005 senserit

293 2045 422 2124 quidem
436 2044 551 2116 adhuc,
572 2063 635 2122 qna
651 2041 820 2101 comminui
837 2041 985 2114 debebat,
1004 2041 1116 2102 limam.
1154 2045 1301 2124 Erumpit

292 2152 411 2214 tamen,
430 2142 611 2210 immaturus
630 2141 757 2223 quidem
774 2141 838 2212 ille,
867 2141 924 2200 scd
936 2141 1053 2200 autoris
1072 2142 1120 2202 sui
1138 2141 1299 2220 periculo,

293 2260 388 2323 quem
410 2240 473 2298 istae
491 2250 615 2301 manent
637 2258 752 2298 severae
772 2237 963 2299 Criticorum
987 2240 1155 2299 sententiae.
1194 2244 1302 2320 Quan.

255 2382 258 2387 -
295 2362 388 2422 (praru
411 2361 476 2400 non
508 2359 578 2401 mea
607 2337 641 2399 id
669 2338 796 2398 omnino
825 2341 915 2416 culpa
942 2341 986 2398 fit.
1034 2339 1174 2418 Quippe,
1208 2356 1302 2404 vecte

295 2441 472 2502 clausissem
497 2442 597 2512 hunc,
630 2449 733 2499 certus
762 2458 828 2498 nou
856 2439 967 2512 edere,
1006 2438 1153 2519 contigit,
1185 2451 1219 2498 nt
1246 2443 1304 2523 qui

295 2559 439 2620 magnam
461 2538 530 2619 ejus
550 2539 624 2599 olim
646 2549 767 2618 partem
787 2538 1032 2618 descripserant,
1061 2542 1246 2617 paulopost
1269 2542 1304 2603 in

296 2639 384 2701 Italia
402 2638 464 2718 jam
486 2652 599 2722 agente
616 2660 684 2714 me,
710 2651 741 2699 et
758 2660 799 2700 ne
815 2638 988 2718 suspicante
1010 2642 1072 2700 hoc
1091 2640 1233 2720 quidem,
1256 2641 1304 2701 di-

296 2741 471 2818 vulgarent.
515 2741 610 2821 Quod
632 2760 692 2820 ego
712 2740 747 2800 iu
765 2740 962 2801 Germaniam
980 2738 1120 2811 rediens,
1145 2739 1200 2798 ubi
1218 2761 1305 2811 com-

297 2839 463 2918 perissem,
500 2852 530 2900 et
551 2839 613 2918 jam
637 2840 866 2919 Epigrammata
886 2838 953 2917 ipsa
977 2838 1011 2898 in
1034 2839 1175 2898 manibus
1195 2841 1305 2902 haberi

297 2922 456 3011 viderem,
487 2952 635 3018 corrupta
655 2939 719 3013 illa,
746 2952 776 2999 et
793 2951 828 2999 ut
849 2938 960 3017 raptim
984 2939 1152 3019 cpiodqne3
1184 2960 1219 2998 ac
1239 2940 1307 3019 ipsa

190 3060 196 3077 ¹
299 3038 399 3112 adhuc
417 3038 531 3106 incude
553 3039 680 3100 fervens
705 3041 870 3101 collectum
894 3051 977 3113 erat,
1012 3039 1089 3120 quid
1115 3039 1197 3100 aliud
1220 3040 1306 3101 saee-

299 3159 381 3211 rem,
404 3160 496 3220 quam
513 3150 547 3200 ut
564 3140 681 3201 revisas
698 3162 814 3222 nugas,
835 3152 866 3201 et
887 3140 992 3218 paucis
1011 3141 1178 3200 admodum
1200 3161 1307 3202 eureu-

300 3239 378 3300 datis
406 3240 585 3315 erroribus,
616 3253 710 3323 atquo
738 3253 773 3301 nt
798 3241 899 3301 obiter
918 3241 986 3301 ficri
1014 3240 1131 3319 poluit,
1165 3240 1305 3311 detersa,

301 3340 404 3421 siqua
422 3342 578 3402 horridior
598 3355 694 3417 esset,
715 3342 859 3403 scabritie
872 3339 999 3401 liberius
1016 3342 1142 3400 evolare
1160 3342 1306 3417 paterer?

301 3439 432 3499 Accedit
448 3443 487 3501 ad
503 3445 579 3514 hoc,
600 3444 688 3522 quod
702 3444 735 3503 in
753 3454 807 3503 tua
825 3443 910 3515 aula,
933 3440 988 3522 qui
1002 3441 1064 3500 mei
1079 3440 1184 3500 studio
1196 3449 1307 3501 tenen-

302 3547 371 3610 tur,
396 3537 513 3619 aliquid
530 3541 755 3620 efflagitabant,
782 3542 871 3623 ¹qnod
891 3551 944 3600 tua
967 3561 1039 3600 cum
1057 3542 1166 3614 laude,
1196 3550 1231 3599 ut
1248 3540 1307 3621 ipsi

302 3637 468 3714 putabant,
500 3640 662 3713 ederetur,
689 3643 846 3702 aestatim
868 3642 1030 3714 ederetur,
1058 3640 1103 3699 sic
1125 3641 1197 3700 fore
1220 3641 1306 3703 dicti-

303 3744 421 3809 tantes,
462 3749 497 3798 ut
524 3739 579 3799 tibi
607 3739 847 3803 innotescerem.
896 3743 942 3803 lta
968 3762 1033 3801 non
1061 3739 1123 3817 jam
1153 3761 1204 3800 me
1238 3752 1308 3820 apte

305 3836 417 3896 duetus
448 3839 633 3925 arrrbitiorre,
664 3842 720 3900 sed
744 3842 876 3912 aliorum
900 3838 1134 3919 importunitate
1165 3853 1309 3915 coactus,

305 3935 338 3996 in
360 3956 501 3999 errorem
527 3940 686 4016 consensi,
716 3942 782 4003 sive
802 3944 863 4004 lroc
886 3940 943 4001 tibi
963 3949 1085 4020 gratum
1107 3938 1207 4013 facio,
1242 3941 1310 4002 sive

811 4132 854 4205 a·
1185 4140 1259 4239 ,a
