2640 4634
712 40 749 97 :pi

146 366 188 437 70
513 311 661 441 Querel.
694 347 716 418 l.
741 347 784 417 ΙΙ.

144 551 212 624 Ipse
231 567 317 608 suum
336 551 369 602 ad
390 533 491 602 dulces
510 562 630 598 carmen
653 556 837 611 componere
855 553 965 591 nervos

212 645 324 710 Novit,
357 652 385 695 et
405 650 506 708 arguto
527 638 652 691 dulciter
671 652 723 688 ore
743 632 830 686 canit.

144 727 286 796 Fluminis
306 736 339 789 ad
358 735 454 804 ripas,
481 731 636 799 vicinaque
656 727 763 781 moenia
784 724 881 778 Rheni

214 829 318 883 Turba
337 827 417 879 venit
430 825 524 894 jussis
544 822 650 875 crebra
671 820 801 873 adeunda
819 818 892 870 tui8.'

144 920 255 990 Magna
274 919 516 976 Geresmundum
535 925 633 969 servat
652 914 809 981 Mogontia
827 922 1007 980 utrumque,

211 1013 341 1082 Legibus
360 1011 471 1087 Aorrias
486 1009 584 1078 jungit
600 1020 725 1078 uterque
747 1007 827 1059 deas.

147 1106 309 1163 Contentus
329 1121 420 1174 parvo
440 1102 576 1156 Nemetis
595 1118 691 1171 prope
709 1099 817 1153 moenia
838 1096 928 1166 Spirae

212 1199 323 1252 Incolis
346 1203 500 1263 angustaS,
532 1193 783 1266 Wiviphelin9e‚
815 1191 945 1256 domos,

145 1290 216 1348 Non
241 1291 315 1358 nisi,
344 1288 425 1359 quod
450 1303 570 1340 sacrum
594 1296 655 1352 est,
683 1285 779 1337 studio
806 1283 967 1351 complexe
993 1279 1157 1352 frequenti,

213 1383 291 1456 Qui,
317 1381 457 1451 quidquid
477 1379 610 1443 scribaS‚
639 1377 761 1429 utilitate
780 1385 891 1430 scates.
910 1374 939 1440 *)
984 1387 987 1396 ·

144 1474 263 1540 Multa,
291 1471 429 1538 Jacobe‚
457 1471 509 1524 tibi
531 1471 619 1524 debet
639 1469 789 1525 Germana
803 1469 963 1536 juventae,

211 1566 334 1621 Profeci
356 1564 475 1631 monitis
496 1565 559 1637 ipse
579 1581 633 1629 ego
653 1579 730 1631 saepe
746 1547 817 1615 tuis.

146 1657 270 1722 Sturmis
291 1658 316 1710 ei
337 1673 440 1712 comes
465 1643 512 1711 est¹
532 1666 560 1709 et
579 1655 760 1717 Gallinarius
787 1654 845 1720 illi,

211 1749 250 1804 Et
267 1759 315 1817 tu,
343 1750 392 1820 qui
411 1767 521 1804 nornen
541 1749 682 1820 principis
707 1764 775 1801 arce
793 1757 887 1800 tenes,

50 1890 52 1895 .
143 1840 276 1899 Plurima
296 1853 438 1912 praeterea
452 1844 597 1912 juvenum
618 1842 770 1895 consortia
787 1850 886 1893 vatum
896 1881 905 1908 ,

215 1936 301 2009 Quos
324 1937 379 1990 sibi
401 1937 543 1991 doctrinis
563 1937 652 1990 allicit
671 1935 718 1988 ille
737 1935 809 1989 suis.

142 2024 210 2085 Hoc
229 2029 315 2080 etiam
336 2033 509 2097 Angustus,
540 2021 689 2100 quondam
708 2046 810 2096 meus,
833 2028 908 2082 orbe
928 2035 1048 2094 vagatur

209 2121 386 2194 WclphuS,
415 2122 552 2176 Plautino
574 2123 672 2176 clarus
692 2121 873 2193 ineloquio.

142 2211 269 2268 Branlus
289 2215 325 2267 ab
345 2215 378 2268 iis
399 2217 518 2286 paulum
537 2219 671 2269 semotu's
691 2214 826 2269 considet
848 2216 930 2283 orm,

214 2305 272 2378 Qui
294 2305 445 2362 Germana
464 2325 542 2364 nova
562 2309 692 2369 carmina
712 2309 775 2375 lege
795 2307 880 2374 sacit,

145 2399 336 2471 Barbaraque
362 2401 390 2454 in
416 2417 560 2455 numeros
583 2400 736 2471 compellit
754 2400 847 2454 verba
866 2401 988 2488 lionS,

210 2491 279 2547 Edit
298 2503 327 2546 et
347 2494 463 2562 ingenio
482 2494 612 2548 carmina
634 2495 710 2547 facta
728 2511 821 2546 nove.

141 2581 273 2641 Pulchre
292 2587 331 2639 illi
354 2587 444 2640 latum
464 2587 567 2641 elassis
589 2587 714 2640 deducta
732 2604 787 2656 per
806 2603 908 2655 aequor

212 2679 360 2732 Convehil
380 2679 522 2750 insipidos
542 2680 677 2750 quolibet
699 2680 774 2732 orbe
793 2678 887 2732 viroS.

141 2763 199 2836 Et,
218 2772 267 2838 qui
287 2773 440 2825 materiam
461 2789 582 2825 sumens
600 2771 795 2825 Philomusus
816 2772 851 2824 ab
870 2771 922 2823 illo

210 2862 298 2931 Spem
317 2863 372 2915 sibi
391 2874 515 2916 ventura
534 2865 705 2934 posteritate
726 2864 807 2918 facit.

141 2953 246 3008 Armat
267 2963 295 3006 et
313 2955 456 3010 adversos
476 2955 669 3008 furibundum
689 2973 810 3009 carmen
829 2956 858 3007 in
878 2955 999 3016 hostes,

211 3045 314 3116 Turpe
335 3048 407 3102 viris
427 3064 555 3102 censens
576 3049 676 3101 omnia
696 3049 774 3102 velle
794 3049 862 3119 pati.

142 3137 324 3219 Barbariem'
337 3150 440 3196 contra
459 3158 591 3212 pugnacc
611 3141 754 3196 Bebelizcs
777 3159 831 3195 ore

210 3230 282 3284 Non
308 3233 370 3287 sine
389 3237 507 3289 victuro
527 3234 648 3287 nomine
669 3245 764 3289 castra
783 3235 872 3286 locat.

143 3319 262 3393 Quique
282 3340 341 3377 suae
362 3344 474 3379 nomen
493 3326 568 3396 parit
592 3324 762 3379 inviolabile
781 3327 928 3391 Phorcae,

208 3413 292 3467 Dum
316 3418 422 3486 triplici
445 3432 549 3470 sacros
569 3418 699 3486 explicat
718 3436 772 3478 ore
791 3419 906 3481 libros,

144 3503 226 3557 Inter
245 3506 415 3563 Germanos
436 3511 471 3562 ad
491 3509 609 3563 comica
628 3512 737 3580 scripta
756 3520 860 3581 poetas

208 3594 344 3652 Primum
363 3618 451 3655 ausus
471 3601 574 3654 vetitas
594 3603 775 3673 explicuisse
799 3618 915 3655 manus.

143 3685 206 3740 Hos
223 3688 296 3754 mihi
317 3694 467 3764 praecipuc
486 3692 593 3746 blanda
613 3697 761 3767 compelle
783 3696 894 3751 salute.

207 3781 325 3837 Deinde
345 3788 414 3840 novi
433 3803 587 3840 memores
609 3789 744 3844 criminis
764 3785 928 3860 essejube

141 3894 305 3912 ''b-nn*

176 3971 197 4020 *l
216 3971 226 4017 I
252 3972 279 4022 u
294 3988 298 4015 :
328 3982 412 4019 suiset.
