2670 4628
476 348 758 473 Epigrammata.
981 426 985 431 -
1052 381 1113 452 191

106 572 281 642 Soitinnrs,
312 590 331 630 o
353 568 490 642 Veneti,
518 589 663 643 somnos,
691 569 853 651 vigilamus
874 568 987 630 abactis

180 671 339 742 Lusibus,
367 670 400 729 in
412 681 538 729 uestras
559 666 615 729 sed
633 669 796 750 vigilamus
818 691 905 749 opes.

107 775 242 851 Jamque
264 769 358 830 etiam
376 781 509 843 euentus
523 770 637 831 ¹docuit
655 791 797 851 pugnare
816 772 956 850 supinos.

183 871 271 933 Scire
281 915 290 943 ,
319 881 351 930 et
369 881 550 931 cunctantes
568 865 715 948 rumpere
734 892 827 952 posse
847 893 959 933 moras.

549 1051 688 1067 nnn—n*

302 1188 367 1257 De
404 1185 599 1297 fortuna
619 1187 925 1291 ¹Venetorum.

109 1348 173 1430 Qui
192 1365 293 1426 nuper
313 1347 403 1408 terris
417 1349 541 1412 -Veneu
560 1345 679 1431 quique
693 1349 849 1411 'omnihus
868 1349 960 1411 undis

184 1447 371 1526 Imperium,
394 1461 433 1508 et
446 1451 542 1530 ¹leges
564 1449 743 1528 imposuere
763 1464 877 1525 novas,

110 1549 173 1628 Qui
193 1551 298 1608 vicere
312 1548 592 1622 ·duces',¹¹¹traxere
613 1551 645 1610 in
662 1548 788 1610 vincula
804 1570 914 1632 reges,

184 1651 225 1706 Et
242 1648 335 1708 freno
354 1651 491 1726 populos
510 1648 696 1709 continuere
714 1649 819 1723 feros,

110 1751 254 1826 Quorum
273 1747 387 1825 opibus
408 1747 455 1807 nil·
470 1747 568 1807 moins
587 1759 673 1820 erat,
696 1766 835 1829 quorum·
853 1748 932 1809 urbe
950 1749 1121 1829 superbum

185 1849 265 1909 Ilion
287 1847 436 1920 inferiuS,
466 1806 689 1931 sordfflusque
714 1847 791 1923 fuit,

111 1951 152 2008 Et
173 1949 228 2029 (pri
247 1949 308 2007 iam
328 1969 436 2007 secum
455 1946 564 2008 trunidi
584 1959 677 2026 eaput
697 1948 783 2011 orbis
802 1945 952 2031 egebant,

186 2048 284 2127 (Quid
302 2069 368 2111 non
386 2048 548 2110 immutant
566 2040 979 2153 temporutmptmserr

750 2150 808 2195 up·
842 2178 855 2195 ,‚

765 2237 819 2261 «μὴ’.
842 2242 845 2247 “

816 2262 833 2281 ιζ·
853 2262 859 2273 ·

768 2282 776 2301 -Ι
820 2286 823 2293 ι

773 2298 789 2309 .-
800 2304 805 2317 Ι
817 2292 846 2331 ιε’

766 2320 778 2331 ,.

272 2365 338 2435 De
374 2360 590 2436 aerumnis
626 2356 952 2440 Maximiiiani.
1015 2438 1020 2445 ,

110 2529 199 2606 Quos
219 2525 293 2582 facit
311 2525 470 2595 excelsos,
502 2525 586 2602 cogit
604 2527 690 2602 prius
713 2526 816 2585 omnia
835 2526 950 2600 virtuS,

186 2622 335 2701 Onaednm
352 2621 463 2693 etiam,
492 2643 560 2702 (pne
579 2623 635 2683 rix
656 2625 716 2683 sint
736 2626 896 2698 adeunda,
923 2625 996 2703 pali.

112 2727 188 2803 Quae
210 2721 342 2781 silence
362 2722 427 2783 suis
446 2721 600 2804 quiequid
619 2724 689 2798 dut,
718 2723 873 2803 ponderat
892 2745 999 2806 aequa,

185 2826 226 2883 Et
245 2835 380 2904 quantus
400 2825 488 2885 labor
507 2837 571 2900 est,
597 2825 722 2906 praerniu
740 2836 822 2885 tanta
848 2825 956 2887 refert.

110 2926 211 2986 Nemo
231 2924 330 2984 mnior
350 2925 426 2998 erit,
441 2944 549 3115 &p
572 2938 601 2986 te
623 2926 754 3010 aequabit
777 2928 917 3013 honore,

186 3023 338 3102 Numqui
359 3035 442 3101 perti
474 3094 503 3123 Ι,
526 3036 587 3086 -tot
607 3030 683 3087 mala
695 3073 702 3100 ,
734 3046 827 3099 nemo
851 3024 920 3087 fuit.

551 3202 690 3215 m

200 3380 203 3389 ·
271 3336 335 3404 De
370 3333 648 3407 immodestia
681 3336 959 3409 Venetorum.

225 3494 392 3557 Concessit
412 3498 545 3559 Venetis
563 3502 696 3562 maxima
717 3498 841 3578 Jupiter

225 3599 358 3674 Terras,
388 3610 420 3660 et
438 3620 573 3683 peregre
593 3601 715 3663 divitias
734 3600 842 3674 maris,

225 3699 360 3778 Europae
380 3701 414 3761 in
432 3705 585 3781 populos,
614 3722 737 3784 perque
756 3701 837 3763 Asiae
859 3699 962 3774 sinus,

226 3798 340 3878 lugens
364 3801 547 3881 imperium,
579 3822 741 3884 regnaque
767 3801 873 3864 sorita.

226 3899 332 3979 Atque
350 3903 414 3962 haec
437 3903 464 3963 si
481 3903 575 3964 libeat
593 3903 678 3964 ferre
698 3903 886 3974 modestius,

224 3997 365 4061 Dixisses
384 4002 477 4065 etiam
496 4004 682 4085 plusnimio
706 4001 795 4078 satis,
