2670 4628
525 384 804 482 Epigrammata.

162 580 238 642 Toti
258 578 334 662 quin
354 578 446 640 etiarn
466 597 574 660 regem
592 576 786 657 praefecimus
805 575 889 651 orbi,

233 679 368 740 Nomine
387 677 539 757 pastoris,
559 677 685 738 nomine
706 678 872 757 pontificis.

159 779 236 841 Dira
253 789 408 838 venenato
429 777 555 839 soboles
572 779 651 838 latro
671 777 795 856 prodite
814 787 922 856 partu,

230 878 292 940 Hic
312 877 487 952 Christum,
504 879 561 940 hac
579 877 722 960 sequeris
741 876 921 940 conditione
943 870 1098 938 Petrum?

562 1101 566 1107 '
597 1105 736 1122 *a

447 1299 514 1374 De
549 1300 707 1400 gladio
740 1300 863 1373 Julii.

154 1494 208 1556 Ille
228 1495 276 1555 sui
301 1496 398 1575 longo
417 1513 580 1554 successor
599 1491 632 1554 in
652 1491 763 1555 ordine
784 1492 890 1570 Petri,

229 1594 325 1653 More
344 1612 430 1652 novo
451 1603 548 1652 tantus
566 1609 617 1652 res
638 1594 720 1673 agit,
738 1603 769 1651 et
788 1592 904 1653 studio.

154 1695 233 1754 Nam
253 1711 357 1772 neque
376 1709 435 1768 pro
454 1689 578 1768 populis
599 1701 681 1762 orat,
701 1690 771 1768 paci
788 1691 934 1762 relictus,
1003 1758 1007 1765 ¹

229 1791 326 1872 Quod
345 1789 464 1849 faceret
484 1787 616 1860 Petrus,
641 1808 729 1848 sacra
747 1789 905 1869 fidemque
924 1789 1028 1851 docet.

154 1892 276 1951 Verum
293 1891 373 1952 bella
392 1896 514 1960 movet,
534 1886 617 1970 gerit
636 1908 737 1962 arma,
757 1899 788 1948 ct
806 1887 959 1969 sanguine
977 1888 1110 1970 gaudet,

228 1986 381 2051 Nimirum
399 1988 532 2049 Paulum
549 1987 682 2065 praetulit
698 1988 748 2048 illc
768 1988 876 2062 Petro.

156 2090 270 2151 Paulus
288 2090 379 2150 habet
399 2089 550 2170 gladium,
570 2087 710 2149 sednon
729 2087 820 2163 ferit,
841 2088 956 2150 occidit
975 2089 1045 2166 illo,

230 2189 272 2250 At
289 2193 384 2251 malus
403 2188 453 2250 hic
472 2187 574 2249 multis
593 2187 695 2273 intulit
716 2188 855 2276 exitium.

591 2420 730 2436 ω

493 2604 564 2677 De
614 2605 815 2678 eodem.

153 2800 225 2863 Huc
244 2796 370 2861 barbam
390 2795 498 2872 Pauli,
519 2797 655 2880 gladium
674 2794 781 2872 Pauli,
802 2797 905 2859 omniu
923 2795 1029 2873 Pauli,

231 2901 378 2979 Claviger
398 2900 448 2960 iile
467 2899 542 2961 nihil
563 2900 602 2960 ad
621 2918 690 2960 mco
708 2910 783 2958 vote
801 2893 925 2960 Petrus.

154 3000 225 3060 Hoc
244 3000 334 3059 simul
354 2999 470 3072 edixit,
490 3021 549 3078 pro
570 2998 698 3061 Christo
719 3019 878 3062 accersere
897 3009 1032 3060 mortem

226 3096 316 3158 Ultro
337 3092 541 3170 credidimus,
560 3097 702 3180 duraque
720 3100 800 3157 velle
819 3098 897 3176 pati·

155 3193 237 3255 Tum
256 3215 334 3257 vero
356 3196 495 3257 occinuit
515 3196 643 3256 funesto
663 3195 945 3270 classicanorum·

228 3293 392 3357 Continuo
412 3298 549 3376 praeceps
568 3296 703 3365 mundus
722 3296 756 3355 in
774 3316 857 3355 arma
874 3294 946 3355 ruit.

150 3397 222 3456 Hoc
242 3395 332 3456 Pauli
350 3393 407 3456 tibi
425 3396 521 3457 barba
541 3407 647 3476 pater,
673 3395 731 3456 tibi
750 3407 887 3456 suaserat
907 3391 1012 3454 ensis?

224 3497 297 3555 Hoc
315 3496 420 3559 isthaec
437 3496 525 3558 licuit
545 3516 629 3556 orma
647 3509 755 3556 tenere
774 3493 898 3556 modo?

151 3597 254 3675 Quem
272 3596 376 3676 gladio
395 3597 485 3657 decet
507 3597 669 3669 occidere,
698 3593 780 3656 haud
801 3592 945 3654 occidere
965 3590 1072 3663 Pani,

224 3698 289 3756 Aut
309 3697 380 3758 satis
402 3707 551 3759 armatum
570 3697 709 3758 clavibus
730 3714 800 3757 esse
817 3692 915 3755 Petri.

585 3872 723 3898 -4--a
