2670 4628
459 714 735 833 Elegia
793 700 848 804 V.

152 915 206 990 Ad
233 910 506 988 illustrissimum
537 906 766 982 Pornemniae
800 900 931 984 ducem
956 911 1160 1010 Bugslaum.

552 1121 777 1145 ...r-...sd-

152 1278 305 1373 Maxims
322 1324 368 1372 tot
385 1315 525 1388 princeps
544 1312 720 1381 hominum,
737 1323 785 1369 tot
803 1315 831 1370 in
849 1314 974 1370 urbibus
994 1333 1089 1384 unus,

222 1413 314 1480 Cujus
333 1415 367 1465 ad
390 1410 547 1481 imperium
566 1418 672 1464 caeteru
693 1409 781 1463 turba
799 1410 890 1464 facit:

152 1509 283 1581 Pomera
302 1506 349 1557 cui
368 1505 454 1556 tellus
474 1502 555 1556 certi
573 1502 684 1555 ditione
702 1503 867 1571 ministrat,

223 1599 276 1652 Cui
295 1598 373 1651 bona
393 1597 550 1650 foecundos
569 1596 664 1662 Rugia
679 1596 770 1649 nutrit
788 1609 895 1664 agros}

153 1693 215 1768 Qui
235 1692 376 1763 praeclara
396 1702 479 1744 tenes
496 1704 535 1742 ex
554 1688 644 1742 rebus
662 1689 782 1742 nomina
800 1691 889 1756 gestis
899 1723 910 1756 9

224 1787 299 1861 Qui,
318 1787 372 1839 nisi
393 1801 470 1855 quos
487 1779 580 1838 virtus
599 1781 731 1853 praebet,
750 1796 829 1834 amas
847 1775 967 1835 titulos:

154 1880 183 1936 O
201 1879 316 1948 generis
336 1895 404 1949 spes
422 1895 480 1930 una
498 1877 556 1943 tui,
576 1892 643 1945 spes
661 1883 876 1943 manorum,

223 1972 314 2040 Cujus
335 1970 364 2023 in
382 1972 443 2025 hoc
463 1969 536 2023 felix
554 1979 692 2040 tempore
711 1969 789 2021 fama
805 1967 899 2035 viget!

155 2065 184 2120 Si
200 2065 290 2132 licet,
311 2073 481 2118 emunctam
500 2072 569 2134 post
586 2061 668 2116 mille
691 2060 809 2129 negotiu
826 2070 958 2141 mentem

222 2159 330 2225 Solve,
350 2160 411 2229 pias
434 2157 536 2211 miseri
555 2156 765 2211 commiserate
784 2164 913 2225 preces3

149 2250 231 2304 vCurn
252 2253 354 2303 sedeas
374 2251 490 2318 judex,
509 2265 613 2303 causas
632 2265 760 2303 censure
778 2254 917 2314 tuorum,

219 2342 264 2396 Et
284 2343 401 2396 veniant
420 2344 455 2395 ad
473 2352 501 2396 te
521 2343 626 2408 dives,
647 2342 777 2413 itemque
794 2335 905 2396 miser:

151 2432 279 2488 Vertere
299 2434 328 2486 in
347 2433 442 2488 afflicti
461 2434 651 2489 moestissima
672 2436 729 2490 fatu
752 2445 866 2506 poetae,

221 2526 262 2579 Et
280 2527 374 2595 prosit
393 2544 488 2580 cuusae
506 2528 585 2594 justu
604 2530 726 2595 querela
744 2545 829 2583 meae.

153 2617 227 2676 Non
248 2635 301 2685 ego
322 2628 350 2669 te
371 2619 474 2684 donis,
495 2617 641 2688 captoque
660 2618 782 2688 impello
802 2620 925 2686 favore,

223 2712 296 2766 Non
317 2727 370 2778 ego
391 2720 419 2764 te
439 2711 515 2765 falso
533 2710 655 2765 vincere
673 2720 749 2765 teste
766 2711 856 2766 volox

155 2805 251 2859 Causa
274 2821 340 2856 mea
358 2813 389 2855 ut
402 2803 483 2872 justu
501 2812 562 2872 est,
581 2803 665 2858 itate
684 2802 741 2858 sub
755 2804 858 2873 judice
880 2803 995 2872 vincat,

223 2891 262 2948 Et
279 2906 386 2949 noceat
404 2896 487 2950 fictas
509 2897 720 2967 composuisse
737 2910 857 2969 preces.

155 2991 196 3042 At
212 2987 305 3040 mittet
325 3006 376 3041 sna
395 2990 472 3041 dona
490 2998 590 3059 pater,
612 3006 664 3044 sua
683 3004 806 3044 munera
824 2978 927 3058 nefus,

225 3080 351 3134 Lossius
360 3118 369 3147 ,
389 3090 418 3133 et
438 3096 558 3136 causam
574 3080 729 3157 largitione
747 3092 849 3151 geret:
1029 3141 1032 3147 ,

156 3173 229 3227 Non
250 3190 281 3225 ea
301 3184 331 3225 tu
352 3188 472 3240 sumes,
490 3191 588 3243 neque
608 3176 685 3228 enirn
703 3185 763 3228 tarn
780 3188 854 3227 vana
871 3171 1024 3250 verebor,

228 3265 399 3318 Tentabunt
419 3275 517 3319 tumen
535 3264 555 3318 ii
575 3264 736 3327 sollicitare
754 3274 823 3318 tuos
832 3282 842 3333 3

103 3409 106 3420 ,
160 3358 257 3427 Atque
279 3358 386 3427 aliquis
406 3360 526 3427 forsan,
544 3354 604 3413 ubi
616 3359 728 3429 ceperit
746 3355 822 3424 ista,
839 3367 980 3424 tuorum,
1032 3380 1034 3389 ·

226 3450 348 3503 Dixerit
368 3451 396 3503 in
415 3460 514 3522 partes
534 3451 623 3505 obvia
641 3458 767 3522 queque
788 3461 889 3504 meuse

160 3541 248 3599 Sume
267 3544 400 3611 animos,
418 3543 578 3615 princeps,
598 3541 777 3614 fraudesque
795 3543 957 3598 immobilis
977 3543 1039 3597 illas

229 3636 304 3688 Cum
323 3635 400 3689 bene
420 3636 539 3704 vitaris,
559 3638 658 3691 omnia
677 3645 779 3692 cautus
799 3641 868 3706 age!
936 3671 938 3679 ,

161 3725 290 3781 Subdola
308 3731 511 3798 magnanimos
530 3730 671 3798 insrigunt
689 3746 813 3785 munera
832 3746 934 3798 reges,

226 3818 265 3872 Et
284 3822 359 3876 fama
379 3834 440 3890 est,
460 3823 542 3892 ipsos
563 3823 629 3878 hee
648 3834 767 3897 quoque
786 3826 862 3879 velle
880 3824 977 3879 Deos.

161 3910 365 3982 Corrumpunt
384 3915 470 3968 etiarn
490 3932 592 3971 causas
614 3917 669 3972 sub
685 3917 787 3987 judice
805 3919 911 3988 justaS,

227 4004 267 4058 Et
285 4017 404 4060 versant
420 4019 493 4062 nutu
506 4010 574 4080 jura
592 4009 740 4083 fidemque
758 4026 824 4068 suo.
972 4008 975 4015 '
1002 4038 1006 4045 ·
