<?xml version="1.0" encoding="UTF-8"?>
<!DOCTYPE html PUBLIC "-//W3C//DTD XHTML 1.0 Transitional//EN"
    "http://www.w3.org/TR/xhtml1/DTD/xhtml1-transitional.dtd">
<html xmlns="http://www.w3.org/1999/xhtml" xml:lang="en" lang="en">
 <head>
  <title>
</title>
<meta http-equiv="Content-Type" content="text/html;charset=utf-8" />
  <meta name='ocr-system' content='tesseract 3.04.00' />
  <meta name='ocr-capabilities' content='ocr_page ocr_carea ocr_par ocr_line ocrx_word'/>
</head>
<body>
  <div class='ocr_page' id='page_1' title='image "./ulrichiabhutten01mngoog_0128.png"; bbox 0 0 2640 4634; ppageno 0'>
   <div class='ocr_carea' id='block_1_1' title="bbox 558 376 828 450">
    <p class='ocr_par' dir='ltr' id='par_1_1' title="bbox 558 376 828 450">
     <span class='ocr_line' id='line_1_1' title="bbox 558 376 828 450; baseline -0.004 0"><span class='ocrx_word' id='word_1_1' title='bbox 558 394 562 399; x_wconf 82' lang='lat'>&#39;</span> <span class='ocrx_word' id='word_1_2' title='bbox 589 376 828 450; x_wconf 83' lang='lat' dir='ltr'><strong>Tetrasticha.</strong></span> 
     </span>
    </p>
   </div>
   <div class='ocr_carea' id='block_1_2' title="bbox 435 572 974 775">
    <p class='ocr_par' dir='ltr' id='par_1_2' title="bbox 435 572 974 775">
     <span class='ocr_line' id='line_1_2' title="bbox 681 572 732 625; baseline -0.02 0"><span class='ocrx_word' id='word_1_3' title='bbox 681 572 732 625; x_wconf 89' lang='lat' dir='ltr'><strong>IV.</strong></span> 
     </span>
     <span class='ocr_line' id='line_1_3' title="bbox 435 709 974 775; baseline -0.013 -7"><span class='ocrx_word' id='word_1_4' title='bbox 435 711 492 768; x_wconf 73' lang='lat' dir='ltr'><strong>Ad</strong></span> <span class='ocrx_word' id='word_1_5' title='bbox 507 709 632 767; x_wconf 83' lang='lat' dir='ltr'><strong>Iberum</strong></span> <span class='ocrx_word' id='word_1_6' title='bbox 652 710 732 762; x_wconf 85' lang='lat' dir='ltr'><em>Grot</em></span> <span class='ocrx_word' id='word_1_7' title='bbox 743 749 752 775; x_wconf 82' lang='lat'>‚</span> <span class='ocrx_word' id='word_1_8' title='bbox 771 709 894 763; x_wconf 78' lang='lat' dir='ltr'><strong>Decret.</strong></span> <span class='ocrx_word' id='word_1_9' title='bbox 913 710 974 763; x_wconf 74' lang='lat' dir='ltr'><strong>Dr.</strong></span> 
     </span>
    </p>
   </div>
   <div class='ocr_carea' id='block_1_3' title="bbox 199 935 1094 1289">
    <p class='ocr_par' dir='ltr' id='par_1_3' title="bbox 200 935 1094 1108">
     <span class='ocr_line' id='line_1_4' title="bbox 200 935 1094 1005; baseline -0.01 -6"><span class='ocrx_word' id='word_1_10' title='bbox 200 943 305 1000; x_wconf 83' lang='lat' dir='ltr'><strong>Turba</strong></span> <span class='ocrx_word' id='word_1_11' title='bbox 322 958 427 996; x_wconf 88' lang='lat' dir='ltr'><strong>senum</strong></span> <span class='ocrx_word' id='word_1_12' title='bbox 445 955 564 993; x_wconf 86' lang='lat' dir='ltr'><strong>memor</strong></span> <span class='ocrx_word' id='word_1_13' title='bbox 582 947 644 1005; x_wconf 84' lang='lat' dir='ltr'><strong>est,</strong></span> <span class='ocrx_word' id='word_1_14' title='bbox 665 946 693 990; x_wconf 89' lang='lat' dir='ltr'><strong>et</strong></span> <span class='ocrx_word' id='word_1_15' title='bbox 711 937 917 992; x_wconf 81' lang='lat' dir='ltr'><strong>Rostochia&#39;u&#39;a</strong></span> <span class='ocrx_word' id='word_1_16' title='bbox 933 935 1094 1004; x_wconf 80' lang='lat' dir='ltr'><strong>juventus,</strong></span> 
     </span>
     <span class='ocr_line' id='line_1_5' title="bbox 269 1028 910 1108; baseline -0.006 -21"><span class='ocrx_word' id='word_1_17' title='bbox 269 1035 336 1108; x_wconf 74' lang='lat' dir='ltr'><strong>Qua</strong></span> <span class='ocrx_word' id='word_1_18' title='bbox 355 1034 392 1087; x_wconf 90' lang='lat' dir='ltr'><strong>sit</strong></span> <span class='ocrx_word' id='word_1_19' title='bbox 406 1032 553 1100; x_wconf 86' lang='lat' dir='ltr'><strong>judicium</strong></span> <span class='ocrx_word' id='word_1_20' title='bbox 570 1030 655 1083; x_wconf 89' lang='lat' dir='ltr'><strong>laude</strong></span> <span class='ocrx_word' id='word_1_21' title='bbox 675 1028 791 1100; x_wconf 87' lang='lat' dir='ltr'><strong>fideque</strong></span> <span class='ocrx_word' id='word_1_22' title='bbox 811 1039 910 1082; x_wconf 80' lang='lat' dir='ltr'><strong>tuum:</strong></span> 
     </span>
    </p>

    <p class='ocr_par' dir='ltr' id='par_1_4' title="bbox 199 1123 1009 1289">
     <span class='ocr_line' id='line_1_6' title="bbox 199 1123 972 1192; baseline -0.012 -9"><span class='ocrx_word' id='word_1_23' title='bbox 199 1129 314 1188; x_wconf 76' lang='lat' dir='ltr'><strong>Rector</strong></span> <span class='ocrx_word' id='word_1_24' title='bbox 332 1125 469 1181; x_wconf 80' lang='lat' dir='ltr'><strong>Palladiae</strong></span> <span class='ocrx_word' id='word_1_25' title='bbox 488 1126 609 1189; x_wconf 80' lang='lat' dir='ltr'><strong>fueras,</strong></span> <span class='ocrx_word' id='word_1_26' title='bbox 628 1137 800 1192; x_wconf 77' lang='lat' dir='ltr'><strong>praesesque</strong></span> <span class='ocrx_word' id='word_1_27' title='bbox 818 1123 972 1191; x_wconf 75' lang='lat' dir='ltr'><strong>palestrae,</strong></span> 
     </span>
     <span class='ocr_line' id='line_1_7' title="bbox 266 1215 1009 1289; baseline -0.004 -15"><span class='ocrx_word' id='word_1_28' title='bbox 266 1219 334 1274; x_wconf 87' lang='lat' dir='ltr'><strong>Nec</strong></span> <span class='ocrx_word' id='word_1_29' title='bbox 354 1216 512 1289; x_wconf 76' lang='lat' dir='ltr'><strong>quIsquam</strong></span> <span class='ocrx_word' id='word_1_30' title='bbox 531 1225 575 1270; x_wconf 89' lang='lat' dir='ltr'><strong>est</strong></span> <span class='ocrx_word' id='word_1_31' title='bbox 593 1215 651 1268; x_wconf 89' lang='lat' dir='ltr'><strong>isto</strong></span> <span class='ocrx_word' id='word_1_32' title='bbox 670 1231 793 1284; x_wconf 79' lang='lat' dir='ltr'><strong>pressus</strong></span> <span class='ocrx_word' id='word_1_33' title='bbox 812 1215 847 1267; x_wconf 86' lang='lat' dir='ltr'><strong>ab</strong></span> <span class='ocrx_word' id='word_1_34' title='bbox 870 1215 1009 1285; x_wconf 84' lang='lat' dir='ltr'><strong>imperio.</strong></span> 
     </span>
    </p>
   </div>
   <div class='ocr_carea' id='block_1_4' title="bbox 622 1386 785 1397">
    <p class='ocr_par' dir='ltr' id='par_1_5' title="bbox 622 1386 785 1397">
     <span class='ocr_line' id='line_1_8' title="bbox 622 1386 785 1397; baseline 0 0"><span class='ocrx_word' id='word_1_35' title='bbox 622 1386 785 1397; x_wconf 51' lang='grc' dir='ltr'>*ιιι-...ι-</span> 
     </span>
    </p>
   </div>
   <div class='ocr_carea' id='block_1_5' title="bbox 343 1498 1065 1710">
    <p class='ocr_par' dir='ltr' id='par_1_6' title="bbox 343 1498 1065 1710">
     <span class='ocr_line' id='line_1_9' title="bbox 688 1498 725 1555; baseline 0.081 -3"><span class='ocrx_word' id='word_1_36' title='bbox 688 1498 725 1555; x_wconf 77' lang='lat' dir='ltr'><strong>V.</strong></span> 
     </span>
     <span class='ocr_line' id='line_1_10' title="bbox 343 1631 1065 1710; baseline 0.001 -18"><span class='ocrx_word' id='word_1_37' title='bbox 343 1638 398 1692; x_wconf 79' lang='lat' dir='ltr'><strong>Ad</strong></span> <span class='ocrx_word' id='word_1_38' title='bbox 414 1637 543 1693; x_wconf 86' lang='lat' dir='ltr'><strong>Petrum</strong></span> <span class='ocrx_word' id='word_1_39' title='bbox 561 1631 684 1708; x_wconf 71' lang='lat' dir='ltr'><strong>Boeqen</strong></span> <span class='ocrx_word' id='word_1_40' title='bbox 701 1634 841 1710; x_wconf 75' lang='lat' dir='ltr'><strong>(Bque)</strong></span> <span class='ocrx_word' id='word_1_41' title='bbox 860 1635 984 1692; x_wconf 81' lang='lat' dir='ltr'><strong>Decret.</strong></span> <span class='ocrx_word' id='word_1_42' title='bbox 1005 1640 1065 1693; x_wconf 76' lang='lat' dir='ltr'><strong>Dr.</strong></span> 
     </span>
    </p>
   </div>
   <div class='ocr_carea' id='block_1_6' title="bbox 199 1863 1087 2212">
    <p class='ocr_par' dir='ltr' id='par_1_7' title="bbox 200 1863 1087 2028">
     <span class='ocr_line' id='line_1_11' title="bbox 200 1863 1087 1937; baseline 0.003 -16"><span class='ocrx_word' id='word_1_43' title='bbox 200 1866 276 1922; x_wconf 91' lang='lat' dir='ltr'><strong>Cum</strong></span> <span class='ocrx_word' id='word_1_44' title='bbox 294 1866 393 1933; x_wconf 84' lang='lat' dir='ltr'><strong>leges,</strong></span> <span class='ocrx_word' id='word_1_45' title='bbox 413 1880 483 1917; x_wconf 90' lang='lat' dir='ltr'><strong>cum</strong></span> <span class='ocrx_word' id='word_1_46' title='bbox 498 1863 567 1932; x_wconf 88' lang='lat' dir='ltr'><strong>jura</strong></span> <span class='ocrx_word' id='word_1_47' title='bbox 585 1863 683 1931; x_wconf 78' lang='lat' dir='ltr'><strong>scias,</strong></span> <span class='ocrx_word' id='word_1_48' title='bbox 709 1879 777 1916; x_wconf 90' lang='lat' dir='ltr'><strong>cum</strong></span> <span class='ocrx_word' id='word_1_49' title='bbox 796 1864 906 1933; x_wconf 65' lang='lat' dir='ltr'><strong>Pede,</strong></span> <span class='ocrx_word' id='word_1_50' title='bbox 927 1874 972 1920; x_wconf 88' lang='lat' dir='ltr'><strong>tot</strong></span> <span class='ocrx_word' id='word_1_51' title='bbox 990 1876 1087 1937; x_wconf 84' lang='lat' dir='ltr'><strong>artes,</strong></span> 
     </span>
     <span class='ocr_line' id='line_1_12' title="bbox 269 1956 921 2028; baseline 0 -17"><span class='ocrx_word' id='word_1_52' title='bbox 269 1959 449 2028; x_wconf 83' lang='lat' dir='ltr'><strong>Summaque</strong></span> <span class='ocrx_word' id='word_1_53' title='bbox 469 1956 605 2009; x_wconf 89' lang='lat' dir='ltr'><strong>canonici</strong></span> <span class='ocrx_word' id='word_1_54' title='bbox 624 1957 661 2010; x_wconf 89' lang='lat' dir='ltr'><strong>sit</strong></span> <span class='ocrx_word' id='word_1_55' title='bbox 679 1956 732 2009; x_wconf 76' lang='lat' dir='ltr'><strong>tibi</strong></span> <span class='ocrx_word' id='word_1_56' title='bbox 753 1974 823 2009; x_wconf 88' lang='lat' dir='ltr'><strong>cura</strong></span> <span class='ocrx_word' id='word_1_57' title='bbox 842 1958 921 2012; x_wconf 82' lang='lat' dir='ltr'>fori:</span> 
     </span>
    </p>

    <p class='ocr_par' dir='ltr' id='par_1_8' title="bbox 199 2049 1027 2212">
     <span class='ocr_line' id='line_1_13' title="bbox 199 2049 1027 2117; baseline -0.002 -11"><span class='ocrx_word' id='word_1_58' title='bbox 199 2053 276 2106; x_wconf 86' lang='lat' dir='ltr'><strong>Cum</strong></span> <span class='ocrx_word' id='word_1_59' title='bbox 295 2049 347 2102; x_wconf 84' lang='lat' dir='ltr'><strong>tibi</strong></span> <span class='ocrx_word' id='word_1_60' title='bbox 372 2049 493 2116; x_wconf 79' lang='lat' dir='ltr'><strong>divitiae,</strong></span> <span class='ocrx_word' id='word_1_61' title='bbox 514 2066 584 2102; x_wconf 84' lang='lat' dir='ltr'><strong>cum</strong></span> <span class='ocrx_word' id='word_1_62' title='bbox 604 2049 662 2103; x_wconf 80' lang='lat' dir='ltr'><strong>sint</strong></span> <span class='ocrx_word' id='word_1_63' title='bbox 681 2050 744 2104; x_wconf 91' lang='lat' dir='ltr'><strong>sine</strong></span> <span class='ocrx_word' id='word_1_64' title='bbox 764 2050 887 2102; x_wconf 86' lang='lat' dir='ltr'><strong>crimine</strong></span> <span class='ocrx_word' id='word_1_65' title='bbox 907 2068 1027 2117; x_wconf 59' lang='lat' dir='ltr'><strong>murm,</strong></span> 
     </span>
     <span class='ocr_line' id='line_1_14' title="bbox 266 2141 1005 2212; baseline -0.001 -15"><span class='ocrx_word' id='word_1_66' title='bbox 266 2141 388 2208; x_wconf 84' lang='lat' dir='ltr'>Miror,</span> <span class='ocrx_word' id='word_1_67' title='bbox 407 2142 488 2195; x_wconf 89' lang='lat' dir='ltr'><strong>iniis</strong></span> <span class='ocrx_word' id='word_1_68' title='bbox 508 2158 563 2196; x_wconf 85' lang='lat' dir='ltr'><strong>cur</strong></span> <span class='ocrx_word' id='word_1_69' title='bbox 580 2141 621 2195; x_wconf 87' lang='lat' dir='ltr'><strong>nil</strong></span> <span class='ocrx_word' id='word_1_70' title='bbox 640 2152 740 2195; x_wconf 86' lang='lat' dir='ltr'><strong>mente</strong></span> <span class='ocrx_word' id='word_1_71' title='bbox 761 2143 909 2212; x_wconf 79' lang='lat' dir='ltr'><strong>superbus</strong></span> <span class='ocrx_word' id='word_1_72' title='bbox 929 2159 1005 2210; x_wconf 71' lang='lat' dir='ltr'><strong>agas,</strong></span> 
     </span>
    </p>
   </div>
   <div class='ocr_carea' id='block_1_7' title="bbox 435 2420 969 2627">
    <p class='ocr_par' dir='ltr' id='par_1_9' title="bbox 435 2420 969 2627">
     <span class='ocr_line' id='line_1_15' title="bbox 681 2420 733 2475; baseline 0 -1"><span class='ocrx_word' id='word_1_73' title='bbox 681 2420 733 2475; x_wconf 90' lang='lat' dir='ltr'><strong>VI.</strong></span> 
     </span>
     <span class='ocr_line' id='line_1_16' title="bbox 435 2556 969 2627; baseline 0.007 -16"><span class='ocrx_word' id='word_1_74' title='bbox 435 2556 490 2611; x_wconf 77' lang='lat' dir='ltr'><strong>Ad</strong></span> <span class='ocrx_word' id='word_1_75' title='bbox 505 2557 679 2614; x_wconf 82' lang='lat' dir='ltr'><strong>Henricum</strong></span> <span class='ocrx_word' id='word_1_76' title='bbox 695 2557 838 2627; x_wconf 72' lang='grc' dir='ltr'><strong>Μαῖενῐ,</strong></span> <span class='ocrx_word' id='word_1_77' title='bbox 858 2561 969 2615; x_wconf 83' lang='lat' dir='ltr'><strong>Ictum.</strong></span> 
     </span>
    </p>
   </div>
   <div class='ocr_carea' id='block_1_8' title="bbox 196 2780 1086 3131">
    <p class='ocr_par' dir='ltr' id='par_1_10' title="bbox 196 2780 1068 2944">
     <span class='ocr_line' id='line_1_17' title="bbox 196 2780 1068 2853; baseline 0.003 -19"><span class='ocrx_word' id='word_1_78' title='bbox 196 2780 236 2834; x_wconf 90' lang='lat' dir='ltr'><strong>Ut</strong></span> <span class='ocrx_word' id='word_1_79' title='bbox 254 2795 378 2850; x_wconf 83' lang='lat' dir='ltr'><strong>caperes</strong></span> <span class='ocrx_word' id='word_1_80' title='bbox 395 2781 507 2850; x_wconf 81' lang='lat' dir='ltr'><strong>Latiae,</strong></span> <span class='ocrx_word' id='word_1_81' title='bbox 526 2785 699 2853; x_wconf 85' lang='lat' dir='ltr'><strong>cultumque</strong></span> <span class='ocrx_word' id='word_1_82' title='bbox 719 2785 872 2853; x_wconf 88' lang='lat' dir='ltr'><strong>decusque</strong></span> <span class='ocrx_word' id='word_1_83' title='bbox 889 2785 1068 2852; x_wconf 80' lang='lat' dir='ltr'><strong>Minervae,-</strong></span> 
     </span>
     <span class='ocr_line' id='line_1_18' title="bbox 264 2871 960 2944; baseline 0.003 -18"><span class='ocrx_word' id='word_1_84' title='bbox 264 2871 341 2926; x_wconf 90' lang='lat' dir='ltr'><strong>Post</strong></span> <span class='ocrx_word' id='word_1_85' title='bbox 357 2877 459 2942; x_wconf 85' lang='lat' dir='ltr'><strong>patriae</strong></span> <span class='ocrx_word' id='word_1_86' title='bbox 478 2876 606 2929; x_wconf 90' lang='lat' dir='ltr'><strong>studium</strong></span> <span class='ocrx_word' id='word_1_87' title='bbox 626 2874 742 2931; x_wconf 88' lang='lat' dir='ltr'><strong>Gallica</strong></span> <span class='ocrx_word' id='word_1_88' title='bbox 760 2892 849 2942; x_wconf 86' lang='lat' dir='ltr'><strong>regna</strong></span> <span class='ocrx_word' id='word_1_89' title='bbox 867 2875 960 2944; x_wconf 89' lang='lat' dir='ltr'><strong>petis:</strong></span> 
     </span>
    </p>

    <p class='ocr_par' dir='ltr' id='par_1_11' title="bbox 197 2962 1086 3131">
     <span class='ocr_line' id='line_1_19' title="bbox 197 2962 993 3034; baseline 0.001 -15"><span class='ocrx_word' id='word_1_90' title='bbox 197 2962 298 3019; x_wconf 87' lang='lat' dir='ltr'><strong>Nemo</strong></span> <span class='ocrx_word' id='word_1_91' title='bbox 322 2975 366 3018; x_wconf 88' lang='lat' dir='ltr'><strong>est</strong></span> <span class='ocrx_word' id='word_1_92' title='bbox 384 2969 537 3034; x_wconf 85' lang='lat' dir='ltr'><strong>callidior,</strong></span> <span class='ocrx_word' id='word_1_93' title='bbox 556 2984 646 3021; x_wconf 88' lang='lat' dir='ltr'><strong>nemo</strong></span> <span class='ocrx_word' id='word_1_94' title='bbox 666 2975 710 3020; x_wconf 88' lang='lat' dir='ltr'><strong>est</strong></span> <span class='ocrx_word' id='word_1_95' title='bbox 728 2975 757 3018; x_wconf 84' lang='lat' dir='ltr'><strong>te</strong></span> <span class='ocrx_word' id='word_1_96' title='bbox 776 2967 895 3021; x_wconf 86' lang='lat' dir='ltr'><strong>doctior</strong></span> <span class='ocrx_word' id='word_1_97' title='bbox 914 2984 993 3034; x_wconf 81' lang='lat' dir='ltr'><strong>unc,</strong></span> 
     </span>
     <span class='ocr_line' id='line_1_20' title="bbox 267 3049 1086 3131; baseline 0.002 -16"><span class='ocrx_word' id='word_1_98' title='bbox 267 3056 325 3115; x_wconf 77' lang='lat' dir='ltr'><strong>seu</strong></span> <span class='ocrx_word' id='word_1_99' title='bbox 343 3059 413 3128; x_wconf 92' lang='lat' dir='ltr'><strong>quid</strong></span> <span class='ocrx_word' id='word_1_100' title='bbox 434 3060 463 3113; x_wconf 89' lang='lat' dir='ltr'><strong>in</strong></span> <span class='ocrx_word' id='word_1_101' title='bbox 479 3059 540 3112; x_wconf 76' lang='lat' dir='ltr'><strong>h‘oc</strong></span> <span class='ocrx_word' id='word_1_102' title='bbox 560 3059 669 3113; x_wconf 83' lang='lat' dir='ltr'><strong>doceas</strong></span> <span class='ocrx_word' id='word_1_103' title='bbox 687 3049 829 3126; x_wconf 79' lang='lat' dir='ltr'><strong>munere,</strong></span> <span class='ocrx_word' id='word_1_104' title='bbox 849 3076 903 3114; x_wconf 88' lang='lat' dir='ltr'><strong>seu</strong></span> <span class='ocrx_word' id='word_1_105' title='bbox 922 3060 991 3131; x_wconf 94' lang='lat' dir='ltr'><strong>quid</strong></span> <span class='ocrx_word' id='word_1_106' title='bbox 1009 3077 1086 3131; x_wconf 68' lang='lat' dir='ltr'><strong>agas</strong></span> 
     </span>
    </p>
   </div>
   <div class='ocr_carea' id='block_1_9' title="bbox 620 3223 784 3238">
    <p class='ocr_par' dir='ltr' id='par_1_12' title="bbox 620 3223 784 3238">
     <span class='ocr_line' id='line_1_21' title="bbox 620 3223 784 3238; baseline 0.006 -1"><span class='ocrx_word' id='word_1_107' title='bbox 620 3223 784 3238; x_wconf 71' lang='lat'><strong>—-</strong></span> 
     </span>
    </p>
   </div>
   <div class='ocr_carea' id='block_1_10' title="bbox 377 3336 1031 3549">
    <p class='ocr_par' dir='ltr' id='par_1_13' title="bbox 377 3336 1031 3549">
     <span class='ocr_line' id='line_1_22' title="bbox 668 3336 736 3397; baseline -0.103 0"><span class='ocrx_word' id='word_1_108' title='bbox 668 3336 736 3397; x_wconf 89' lang='lat' dir='ltr'><strong>Vll.</strong></span> 
     </span>
     <span class='ocr_line' id='line_1_23' title="bbox 377 3471 1031 3549; baseline -0.005 -18"><span class='ocrx_word' id='word_1_109' title='bbox 377 3472 433 3531; x_wconf 80' lang='lat' dir='ltr'><strong>Ad</strong></span> <span class='ocrx_word' id='word_1_110' title='bbox 449 3471 652 3531; x_wconf 79' lang='lat' dir='ltr'><strong>Bertholdum</strong></span> <span class='ocrx_word' id='word_1_111' title='bbox 668 3476 810 3544; x_wconf 80' lang='lat' dir='ltr'><strong>Moller‚</strong></span> <span class='ocrx_word' id='word_1_112' title='bbox 830 3475 1031 3549; x_wconf 76' lang='lat' dir='ltr'><strong>Theoloqum.</strong></span> 
     </span>
    </p>
   </div>
   <div class='ocr_carea' id='block_1_11' title="bbox 195 3699 1026 4057">
    <p class='ocr_par' dir='ltr' id='par_1_14' title="bbox 195 3699 1026 3859">
     <span class='ocr_line' id='line_1_24' title="bbox 195 3699 1026 3774; baseline 0 -19"><span class='ocrx_word' id='word_1_113' title='bbox 195 3699 245 3755; x_wconf 87' lang='lat' dir='ltr'><strong>Da</strong></span> <span class='ocrx_word' id='word_1_114' title='bbox 261 3699 395 3767; x_wconf 81' lang='lat' dir='ltr'><strong>veniam,</strong></span> <span class='ocrx_word' id='word_1_115' title='bbox 414 3701 529 3768; x_wconf 85' lang='lat' dir='ltr'><strong>lector,</strong></span> <span class='ocrx_word' id='word_1_116' title='bbox 548 3701 572 3754; x_wconf 90' lang='lat' dir='ltr'><strong>si</strong></span> <span class='ocrx_word' id='word_1_117' title='bbox 592 3706 661 3774; x_wconf 89' lang='lat' dir='ltr'><strong>quid</strong></span> <span class='ocrx_word' id='word_1_118' title='bbox 679 3706 798 3761; x_wconf 84' lang='lat' dir='ltr'><strong>laudare</strong></span> <span class='ocrx_word' id='word_1_119' title='bbox 817 3719 942 3757; x_wconf 87' lang='lat' dir='ltr'><strong>necesse</strong></span> <span class='ocrx_word' id='word_1_120' title='bbox 964 3711 1026 3769; x_wconf 81' lang='lat' dir='ltr'><strong>cst,</strong></span> 
     </span>
     <span class='ocr_line' id='line_1_25' title="bbox 263 3791 891 3859; baseline 0.003 -11"><span class='ocrx_word' id='word_1_121' title='bbox 263 3791 396 3848; x_wconf 86' lang='lat' dir='ltr'><strong>Molitor</strong></span> <span class='ocrx_word' id='word_1_122' title='bbox 415 3792 551 3859; x_wconf 87' lang='lat' dir='ltr'><strong>ingenio,</strong></span> <span class='ocrx_word' id='word_1_123' title='bbox 569 3795 700 3851; x_wconf 88' lang='lat' dir='ltr'><strong>Molitor</strong></span> <span class='ocrx_word' id='word_1_124' title='bbox 719 3810 779 3853; x_wconf 85' lang='lat' dir='ltr'><strong>arte</strong></span> <span class='ocrx_word' id='word_1_125' title='bbox 798 3798 891 3850; x_wconf 81' lang='lat' dir='ltr'><strong>valet:</strong></span> 
     </span>
    </p>

    <p class='ocr_par' dir='ltr' id='par_1_15' title="bbox 195 3882 987 4057">
     <span class='ocr_line' id='line_1_26' title="bbox 195 3882 922 3958; baseline 0.004 -20"><span class='ocrx_word' id='word_1_126' title='bbox 195 3887 293 3955; x_wconf 84' lang='lat' dir='ltr'><strong>Atque</strong></span> <span class='ocrx_word' id='word_1_127' title='bbox 312 3882 385 3936; x_wconf 88' lang='lat' dir='ltr'><strong>adeo</strong></span> <span class='ocrx_word' id='word_1_128' title='bbox 406 3893 450 3935; x_wconf 81' lang='lat' dir='ltr'><strong>est</strong></span> <span class='ocrx_word' id='word_1_129' title='bbox 469 3882 509 3934; x_wconf 90' lang='lat' dir='ltr'><strong>illi</strong></span> <span class='ocrx_word' id='word_1_130' title='bbox 531 3884 625 3938; x_wconf 84' lang='lat' dir='ltr'><strong>doctae</strong></span> <span class='ocrx_word' id='word_1_131' title='bbox 645 3889 780 3946; x_wconf 84' lang='lat' dir='ltr'><strong>facundia</strong></span> <span class='ocrx_word' id='word_1_132' title='bbox 800 3890 922 3958; x_wconf 79' lang='lat' dir='ltr'><strong>liuguae,</strong></span> 
     </span>
     <span class='ocr_line' id='line_1_27' title="bbox 262 3974 987 4057; baseline 0.011 -25"><span class='ocrx_word' id='word_1_133' title='bbox 262 3978 302 4032; x_wconf 70' lang='lat' dir='ltr'><strong>Ut</strong></span> <span class='ocrx_word' id='word_1_134' title='bbox 322 3974 427 4028; x_wconf 84' lang='lat' dir='ltr'><strong>credas</strong></span> <span class='ocrx_word' id='word_1_135' title='bbox 442 3975 597 4030; x_wconf 87' lang='lat' dir='ltr'><strong>hominem</strong></span> <span class='ocrx_word' id='word_1_136' title='bbox 615 3978 725 4037; x_wconf 85' lang='lat' dir='ltr'><strong>ducere</strong></span> <span class='ocrx_word' id='word_1_137' title='bbox 743 3998 833 4057; x_wconf 84' lang='lat' dir='ltr'><strong>posse</strong></span> <span class='ocrx_word' id='word_1_138' title='bbox 851 3982 949 4036; x_wconf 77' lang='lat' dir='ltr'><strong>Deos.</strong></span> <span class='ocrx_word' id='word_1_139' title='bbox 985 4035 987 4040; x_wconf 89' lang='lat'><em>.</em></span> 
     </span>
    </p>
   </div>
   <div class='ocr_carea' id='block_1_12' title="bbox 618 4120 783 4137">
    <p class='ocr_par' dir='ltr' id='par_1_16' title="bbox 618 4120 783 4137">
     <span class='ocr_line' id='line_1_28' title="bbox 618 4120 783 4137; baseline 0 -1"><span class='ocrx_word' id='word_1_140' title='bbox 618 4120 783 4137; x_wconf 71' lang='lat'><strong>1—-—</strong></span> 
     </span>
    </p>
   </div>
   <div class='ocr_carea' id='block_1_13' title="bbox 0 0 1324 4634">
    <p class='ocr_par' dir='ltr' id='par_1_17' title="bbox 0 0 1324 4634">
     <span class='ocr_line' id='line_1_29' title="bbox 0 0 1324 4634; baseline 0 0"><span class='ocrx_word' id='word_1_141' title='bbox 0 0 1324 4634; x_wconf 95' lang='lat' dir='ltr'><strong> </strong></span> 
     </span>
    </p>
   </div>
  </div>
 </body>
</html>
