2640 4634
102 394 110 407 ’
187 411 256 478 212
521 494 530 505 „
551 398 831 496 Epigrammata.

188 593 340 676 Respexit
362 570 491 669 ἧψε
514 587 794 672 ςτενενιιιὶεετειῑα
818 587 977 669 querelas,
1060 633 1063 638 .

263 692 360 774 Quod
386 689 545 773 quondam
571 689 753 764 abstulerat,
784 689 980 772 restituitque
1007 689 1138 753 bonum.

187 795 237 860 Da
263 791 387 854 veniam
408 789 539 870 periisse
561 801 696 869 patrem,
730 790 937 868 complectere
956 801 1077 866 natum,

206 962 211 968 ,
261 893 356 973 Spem
379 889 504 970 patriae,
535 899 569 951 et
591 890 668 950 tanti
693 888 839 970 reliquias
865 890 1000 970 generis.

187 995 232 1058 At
249 1003 302 1068 tu,
328 990 451 1057 inferne
470 988 602 1068 pam,
629 989 690 1051 isto
710 988 816 1072 gavise
834 988 1008 1068 triumpho,

148 1109 151 1115 ·
260 1093 340 1154 Elue
361 1088 529 1171 Sequanici
548 1089 680 1151 carceris
701 1084 916 1170 opprobrium.

504 1194 521 1231 Ψ

314 1294 348 1341 ,ψ
381 1326 384 1333 ,

279 1403 344 1474 De
375 1401 583 1498 ingressu
612 1397 807 1472 Caesaris
838 1399 880 1471 in
909 1399 1094 1474 ltaliam.

185 1560 297 1626 Castra
322 1562 411 1645 quod
435 1560 583 1622 Insubres
607 1572 811 1641 penetrarunt
839 1560 969 1625 Caesaris
994 1565 1108 1637 urbes,

258 1663 355 1744 Quod
382 1661 568 1735 Trebeiam‚
599 1661 687 1743 quod
712 1662 773 1722 iam
792 1663 911 1724 transiit
934 1663 984 1723 ille
1003 1665 1137 1726 Padum.

181 1762 274 1824 Mota
292 1762 381 1844 quod
400 1761 496 1823 iratos
514 1760 619 1823 fundit
640 1761 807 1823 Germania
826 1760 978 1824 Rhoetus.

257 1862 344 1924 Saeva
365 1860 455 1944 quod
477 1863 511 1922 in
528 1860 655 1922 Latium
679 1873 847 1941 promovet
871 1882 954 1922 arma
975 1864 1100 1941 Lyciis,

180 1965 303 2026 Franca
328 1963 417 2043 quod
436 1961 602 2035 Ausoniis,
629 1980 663 2020 se
687 1961 818 2022 miscent
842 1960 964 2042 agmina
990 1963 1116 2036 turmis,

254 2063 331 2124 Itala
348 2061 522 2121 teutonicas
542 2061 630 2140 quod
648 2059 736 2120 videt
756 2081 812 2122 ora
830 2083 949 2122 manus.

178 2162 253 2222 Non
271 2171 306 2219 tu
325 2160 429 2220 Roma
446 2159 535 2232 time,
565 2179 677 2218 verum
697 2159 799 2239 arripe
819 2161 916 2221 laetius
937 2183 1044 2237 omen,

253 2261 328 2322 Non
344 2256 405 2320 nisi
425 2258 481 2339 qui
499 2257 608 2320 nocuit
628 2255 758 2320 Caesaris
778 2279 861 2320 arma
879 2259 975 2321 timet.

337 2570 388 2644 In
426 2565 667 2666 picturam
704 2566 757 2641 de
790 2572 996 2680 (Caesare.

172 2733 284 2813 Nuper
302 2732 492 2812 retrogrado
513 2729 640 2816 quidam
660 2742 692 2790 te
711 2731 744 2791 in
765 2731 867 2793 sidere
889 2755 1001 2794 cancro

248 2830 421 2902 Pinnem,
450 2832 511 2891 hoc
528 2829 641 2889 titulo:
672 2830 826 2890 tendimus
845 2831 878 2890 in
896 2832 1037 2916 Latium,

172 2930 246 2991 Hoc
277 2922 356 3011 quid
381 2936 465 3001 crat,
496 2925 556 2985 nisi
583 2927 670 3006 quod
697 2928 820 3006 cupias,
849 2950 909 2990 nec
927 2931 1055 2994 vincere
1074 2938 1191 3016 possis,

249 3029 291 3089 Et
311 3027 437 3110 quoties
456 3024 574 3108 aliquid
592 3029 754 3104 coeperis,
784 3027 831 3090 ire
851 3030 962 3092 rotro?

174 3127 237 3191 Sed
255 3129 380 3209 pictura
397 3125 477 3203 luit,
510 3136 620 3188 contra
637 3147 688 3187 rcs
709 3147 784 3189 vera
808 3143 915 3192 secuta
936 3143 996 3206 est,

246 3214 312 3291 Pro
332 3246 446 3289 cancro
466 3229 555 3288 tellus
574 3225 649 3288 Itala
667 3227 747 3289 vidit
765 3248 877 3312 equos.
951 3294 958 3311 ⁴

170 3327 260 3391 Vidit
287 3348 410 3411 equos,
438 3327 581 3409 viditque
606 3327 711 3401 viros,
739 3350 798 3389 nos
820 3340 850 3390 te
871 3329 994 3408 auspice
1017 3329 1124 3393 Caesar

229 3428 320 3489 rNon
339 3427 401 3489 iam
419 3425 599 3508 retrogradi
613 3427 773 3488 'tendimus
794 3430 827 3489 in
848 3431 984 3492 Latium.

593 3607 757 3621 m

307 3704 312 3713 ’
418 3742 485 3814 oe
521 3739 657 3813 earu>
696 3737 928 3838 fugiente.

319 3898 373 3960 llle
395 3895 507 3963 ardens
527 3876 640 3974 animi,
669 3897 824 3982 feraxque
845 3886 966 3970 Gallus,

318 3999 509 4062 Gallinarum
528 4000 647 4082 aliquot
665 4003 749 4062 salax
768 3999 917 4072 manitus,
