2640 4634
154 123 199 192 26
507 119 698 212 Querelar.
722 120 743 192 l.
784 121 811 192 Ι.

154 315 214 370 Vix
232 315 340 386 aliquid
357 310 479 382 scribo,
498 313 550 368 sed
569 330 650 368 nunc
668 331 733 386 qnae
752 311 887 368 seribere
907 331 1022 385 cogor,

220 408 280 463 Vix
299 416 367 463 sunt
385 409 415 461 in
436 407 514 462 tante
534 408 651 463 condita
670 407 795 462 tristitie.

153 505 250 575 Atque
270 520 303 559 ea
321 501 467 555 sollicitos
486 501 561 561 inter
581 502 709 555 conficta
733 501 855 554 dolores

222 595 330 649 Omnia
349 611 418 649 eum
432 595 575 664 ¹lacrymis
594 603 661 649 sunt
680 594 781 662 agitata
803 593 875 647 suis.-

152 688 295 759 Dumque
313 704 399 743 meus
418 703 526 742 somno
547 686 603 740 sub
622 705 732 743 nonam
752 688 878 742 Loesius
896 686 1002 747 horam

222 781 369 848 Solvitur,
389 789 417 834 et
435 780 568 850 placidos
589 782 693 848 gaudet
712 782 792 835 abire
812 781 890 836 dies:

152 877 211 929 Aut
228 874 301 926 mihi
319 890 373 943 per
391 873 506 926 laceres
524 873 638 941 vigilata
656 885 745 929 nocte
764 876 883 929 labores
922 936 925 941 ,

193 966 197 975 ’
219 967 397 1036 Rumpitur,
417 975 465 1019 aut
485 968 600 1035 studio,
620 986 684 1038 quae
703 970 780 1023 solet
798 985 881 1035 esse,
901 969 995 1038 quies.
1011 966 1013 974 ’

151 1057 250 1112 «Iactet
269 1075 341 1128 opes
360 1058 465 1127 igitur,
485 1060 670 1131 faustamque
690 1079 728 1117 ex
750 1071 886 1130 tempore
904 1062 1011 1136 vitem,

218 1152 419 1222 Luxurieeque
438 1169 499 1206 suae
517 1154 630 1207 nesciat
647 1155 696 1208 ille
714 1154 858 1210 modum:

151 1248 256 1305 Rideat
275 1264 428 1301 enummes
448 1246 496 1315 ⁴),
516 1263 759 1316 aerumnosasque
778 1247 933 1302 Camoenas
944 1285 954 1311 ,

217 1341 257 1394 Et
276 1341 356 1393 malit
374 1338 485 1410 tepidas
505 1341 607 1394 vivere
628 1340 758 1397 delitias:
815 1391 817 1395 ,
837 1356 839 1360 ’

150 1434 217 1488 Nos
237 1432 373 1487 celebres
392 1441 470 1487 artes
488 1433 617 1503 'pulchro
631 1432 791 1502 jungemus
809 1431 958 1497 honesto,

217 1528 306 1584 Peste
325 1527 411 1581 etiam
428 1527 539 1580 multos
560 1528 749 1581 continuante
768 1525 842 1581 dies,

149 1622 260 1676 Vicerit
278 1622 397 1675 insanos
416 1628 556 1672 constans
574 1621 711 1689 patientia
727 1618 873 1682 morb08‚

214 1714 358 1769 Vincetur
376 1712 472 1765 studio
492 1712 622 1782 perfidus
646 1712 695 1764 ille
713 1729 793 1766 meo.

146 1808 215 1863 Nee
234 1806 315 1860 dolet
332 1806 366 1859 iis
384 1805 479 1873 unici,
497 1807 549 1860 sed
568 1814 639 1859 tune
657 1805 784 1860 fortasse
803 1799 931 1869 dolebit,

215 1899 343 1972 Quando
362 1880 436 1952 sciet
452 1899 528 1960 male
548 1913 579 1952 se
598 1900 785 1959 consuluisse
803 1899 871 1965 sibi.

147 1995 215 2064 Ipsa
232 2009 336 2068 graves
356 1984 464 2046 etenim
482 1993 575 2047 virtus
594 1994 727 2060 neglecta
746 1993 867 2046 dolores

214 2087 352 2154 Aggnrst,
372 2094 400 2139 et
419 2087 507 2141 tacite
527 2084 643 2140 turbine
662 2093 766 2158 peetus
786 2084 851 2152 agit.

146 2180 217 2236 Haee
234 2181 342 2237 utinam
364 2181 502 2247 veniant,
520 2196 577 2233 nee
594 2196 643 2232 me
662 2177 794 2248 spolierit
812 2177 935 2242 inultus,

183 2274 186 2279 ’
215 2273 274 2351 Qui
293 2292 373 2329 nunc
392 2277 427 2328 de
446 2281 551 2332 nostre
571 2275 693 2342 gaudet,
713 2279 842 2341 ovatque
860 2269 952 2326 malo.

531 2447 756 2461 ψ

445 2561 856 2697 ElegiaIII.

631 2711 666 2764 ae

145 2821 364 2919 praeclarum
390 2820 661 2893 adolescentem
688 2821 949 2918 Wolfgangum
974 2816 1019 2887 de
1042 2817 1159 2886 Eber-

241 2943 353 3035 stein‚
380 2941 603 3042 Naugerdiae
628 2942 820 3032 comitem,
846 2943 1099 3013 Pomeranum.

144 3206 249 3298 Parve
269 3264 391 3315 comere,
409 3264 471 3299 non
488 3265 578 3316 parve
596 3254 716 3311 tamen,
734 3245 801 3314 quia
820 3243 922 3302 tradita
940 3246 1034 3301 virtus

213 3339 294 3409 Saepe
317 3341 370 3392 suit
389 3339 486 3408 parvis
506 3341 634 3399 maxima
655 3338 834 3408 corporibus
846 3357 855 3406 ;

143 3431 240 3484 Parve
265 3448 384 3497 eomeS,
404 3447 465 3483 nen
485 3448 574 3498 parve
593 3445 709 3498 tamen,
728 3433 795 3502 quia
814 3432 907 3499 gloria
926 3431 1024 3503 dispar

212 3523 293 3591 Saepe
314 3523 399 3575 etiam
418 3522 528 3580 teneris
549 3525 628 3586 fulsit
646 3526 675 3579 in
695 3525 839 3593 ingeniis3

168 3706 190 3752 *J
209 3702 323 3748 Mohnike
341 3703 438 3760 glaubt,
466 3716 491 3747 es
520 3704 596 3749 musse
622 3719 747 3759 aerumnas
772 3705 875 3752 heissen.
911 3704 1043 3750 Vielleieht
1063 3702 1109 3746 snll
1130 3715 1155 3746 er

141 3786 142 3789 ¹
210 3773 284 3829 auch,
315 3771 349 3816 als
373 3771 411 3816 ein
437 3772 646 3827 neugesehaffenes
671 3769 744 3820 Wort
771 3775 921 3829 eeldlos,
950 3771 1080 3823 nnrftig
1103 3782 1156 3841 ense

211 3843 320 3886 dr'nrken.
