2640 4634
561 359 840 458 Epigrammata.

505 556 576 628 Ad
618 557 903 628 Caesarem.

118 765 121 769 ·
205 729 296 791 Velle
316 738 393 808 puto
413 725 568 804 Superos,
587 736 622 785 ut
642 735 672 784 te
690 734 743 783 tua
762 722 826 784 fata
844 731 973 800 repente

281 827 447 889 Sublimem
465 825 573 903 priscis
589 825 791 886 adnumerent
811 820 916 882 atavis.

205 930 290 990 Vota
308 925 572 989 sercmrhomiues
592 936 622 983 et
641 936 673 983 te
693 942 854 1002 superesse
874 930 1055 999 precantur,
1115 957 1118 964 ,

280 1028 385 1089 lusera
402 1047 472 1087 nam
491 1024 560 1107 quis
581 1036 611 1084 te
627 1024 748 1104 digeret
767 1025 830 1085 haec
848 1019 980 1092 melius?

205 1131 262 1193 Ast
278 1149 341 1209 ego
360 1127 496 1188 fumosas
516 1124 639 1205 ‹proties
658 1126 729 1184 loco
748 1143 860 1184 munus
880 1121 919 1180 ad
938 1123 1021 1192 aras,

278 1229 351 1288 Hoc
368 1237 459 1305 peto,
479 1236 509 1284 et
527 1227 589 1286 hoc
606 1245 729 1286 mecum
748 1223 830 1282 mille
848 1232 958 1301 petunt
977 1219 1037 1282 alii.

204 1327 367 1392 Invideant
388 1347 427 1386 ne
446 1337 477 1384 te
496 1325 612 1385 misero
633 1324 684 1402 pia
703 1324 830 1384 numina
847 1319 983 1393 mundo,

279 1426 384 1505 Atque
403 1424 445 1485 ita
465 1424 539 1484 deut
557 1424 666 1497 coelos,
687 1432 727 1483 n'e
745 1423 817 1484 binc
837 1420 958 1501 rapiare
981 1419 1062 1516 cito.-

639 1618 776 1632 —--

250 1779 321 1849 De
370 1775 728 1876 magnitudine
777 1770 1156 1846 Maximiliani

501 1900 558 1971 ad
597 1896 904 1972 Germaniam.

204 2058 289 2137 Quid
313 2074 435 2122 veteres
454 2061 565 2122 mirare
584 2072 656 2120 tuos
677 2058 843 2119 Germania
863 2059 996 2140 Reges?

277 2159 362 2237 Quid
380 2160 498 2238 repetis
517 2159 637 2238 priscos
656 2158 691 2218 in
710 2169 763 2217 tua
780 2157 861 2222 secla
879 2155 1009 2223 Duces?

200 2254 250 2316 Ne
268 2268 340 2335 pete
364 2258 578 2332 Gambrivios,
604 2269 757 2338 natosque
778 2236 951 2332 ssl'uiseonis(
965 2255 1101 2332 oumeis,

275 2357 416 2440 Visaque
436 2359 495 2419 sub
515 2359 635 2419 Manno
654 2357 750 2418 fortia
769 2357 865 2418 corda
887 2358 965 2432 deo,

201 2455 430 2519 Hermionasve
451 2458 595 2532 alacreis,
624 2468 779 2540 natosque
798 2457 977 2539 Ingevoues
996 2457 1104 2531 armis,

277 2554 478 2621 Cimbrorum
498 2579 663 2639 proceres,
700 2560 727 2617 T
731 2557 976 2641 eutonicumque
996 2578 1106 2640 genus.

201 2657 329 2740 Quique
349 2660 435 2722 domi
455 2660 527 2736 tibi,
558 2659 677 2741 quique
695 2659 774 2721 foris
793 2647 947 2740 peperere
967 2659 1130 2733 decorem,

273 2760 362 2818 Neve
382 2761 579 2834 Ariovistos,
604 2758 845 2841 Arminiumque
864 2760 978 2824 serum.

200 2855 305 2920 Crede
325 2859 417 2932 mihi,
449 2871 566 2920 temere
585 2879 720 2937 praesens
739 2871 907 2923 revocatur
927 2861 1085 2923 odacrum
1105 2897 1107 2900 ·

275 2955 429 3034 Carolus,
457 2970 492 3019 ut
511 2958 620 3032 sortis,
646 2952 777 3037 magnus
795 2970 831 3019 ut
850 2959 900 3019 ifle
918 2959 990 3020 fuit.

199 3057 285 3139 Quid
304 3070 423 3138 septem
442 3059 639 3132 Henrichos,
669 3058 746 3140 quid
765 3071 828 3120 tres
849 3046 969 3122 miraris
989 3061 1148 3136 Othones,

273 3161 347 3221 Non
365 3158 419 3220 ulli
438 3160 550 3242 dignos
572 3161 685 3221 cedere
707 3158 865 3239 Scipiadi?

198 3260 240 3321 Et
258 3259 351 3320 Latio
371 3260 535 3326 horribiles
554 3260 770 3335 Fridericbos,
797 3283 878 3344 quos
896 3264 977 3324 ratio
997 3261 1061 3344 egit

274 3358 388 3420 Ulcisci
408 3361 521 3420 infidos
542 3360 695 3442 sanguine
714 3362 908 3425 Pontifices?
947 3424 950 3430 ,

199 3457 241 3518 Ut
259 3468 335 3519 tunc
353 3471 475 3538 tempus
495 3471 576 3534 erat,
601 3481 695 3526 nemo
717 3475 899 3523 ornamento
920 3463 1061 3545 superbae

274 3557 302 3616 T
305 3560 438 3620 eutoniae
457 3559 561 3636 potuit
579 3564 757 3638 provehere
776 3563 917 3624 ulterius.

159 3724 162 3730 ,
198 3655 299 3718 Nemo
318 3657 383 3719 istis
403 3657 513 3724 melius
531 3660 642 3740 gessit,
668 3664 719 3723 vel
739 3684 833 3748 pace,
859 3665 910 3725 vel
930 3664 1021 3726 aunis

273 3760 355 3820 Rem
372 3761 487 3839 patriae.
525 3761 626 3821 Nemo
646 3763 760 3825 fortius
780 3785 863 3830 arma
887 3765 966 3832 tulit,

199 3860 241 3927 At
268 3857 293 3918 si
320 3879 414 3939 quem
440 3861 598 3940 probitas,
631 3862 657 3922 si
684 3884 779 3943 quem
805 3863 904 3924 omnis
931 3863 1067 3928 criminis
1092 3882 1205 3942 expers

269 3958 362 4020 Meus
383 3959 513 4040 dignum
532 3960 633 4041 patrio
655 3961 765 4026 iecerit
787 3963 929 4044 imperio.
