2670 4628
168 394 238 461 238
597 386 746 459 Marcus

167 582 231 639 Res
247 580 309 636 Itali
330 590 454 648 vestrae,
472 587 571 634 vestra
590 587 619 634 et
637 582 755 634 fortuna
776 576 883 649 coegit.

169 676 247 730 Cum
267 691 390 746 possem
408 675 549 728 Adriacas
566 675 717 728 moderari
737 675 825 727 tutius
842 675 951 742 undae,

168 769 278 837 Regnis
296 785 348 820 usa
367 768 459 834 meis,
485 767 615 820 animum
632 768 671 837 gd
689 768 952 836 majorarreferre.

166 862 305 932 Namque
324 871 355 913 ut
372 860 523 912 bellorum
541 858 692 913 trasmissa
712 875 751 912 ex
775 860 847 929 Alpe
866 859 1034 930 procellas,

168 955 306 1008 Teutone
324 964 402 1006 terra
422 953 470 1016 diu
488 954 572 1006 ferali
594 953 729 1006 effuderit
750 953 811 1020 ira,

166 1049 201 1102 In
219 1061 276 1104 nos
295 1063 375 1100 arma
393 1062 537 1113 movens,
563 1055 680 1100 nostras
703 1045 830 1101 accessit
847 1046 882 1099 ad
901 1062 986 1099 aures
997 1087 1005 1113 ‚

166 1141 265 1210 thue
284 1150 346 1194 erat
363 1140 498 1208 ingenio,
522 1149 551 1192 et
568 1139 660 1193 rebus
680 1139 891 1196 communibus
911 1157 1044 1212 aequum,

158 1233 284 1294 *Indolui
303 1235 401 1301 facto,
420 1250 544 1302 remque
564 1232 728 1301 indignata,
747 1232 849 1302 peregi

167 1328 294 1382 Mecum
314 1343 404 1394 aegras
424 1336 549 1392 noctes,
570 1326 739 1395 gemituque
757 1325 887 1392 urgebar
909 1323 1027 1378 anhelo.

169 1421 245 1474 Cum
263 1437 363 1474 vacuae
383 1419 463 1471 euris
477 1457 486 1482 ,
502 1418 680 1487 placidoque
699 1433 811 1488 sopore
830 1417 954 1487 quietae,

169 1513 240 1566 Sors
259 1513 394 1565 Romana
414 1511 503 1576 mihi,
525 1510 639 1577 fugiens
659 1526 674 1563 a
691 1511 762 1563 sede
782 1509 899 1582 Quirini

169 1604 312 1675 Tarpeias
332 1619 435 1670 arcos,
455 1602 624 1656 miserando
644 1605 786 1674 squallida
804 1605 886 1659 luctu

167 1696 278 1751 Ederet
295 1696 348 1750 has
367 1711 471 1749 voces.
491 1706 492 1711 ’
509 1696 558 1749 Τιι
578 1713 658 1749 nune
675 1697 830 1769 tranquilla
851 1692 1000 1767 superbos
1009 1736 1019 1765 ,

167 1789 298 1860 Imperio
319 1791 448 1843 Venetos
467 1787 596 1858 premis,
621 1798 649 1842 et
668 1799 731 1846 tuto
752 1807 873 1862 aequore
892 1805 1015 1859 regnaS,

117 1952 118 1956 Ἰ
167 1881 295 1938 Romani
314 1900 420 1936 secura
439 1875 523 1948 mali,
543 1896 649 1935 secura
668 1873 808 1938 cadentis'

168 1976 272 2044 Italiae,
291 1976 434 2046 divesque
452 1986 509 2028 tuae
529 1985 643 2043 gratare
663 1977 773 2047 quieti,

166 2068 239 2123 Non
260 2069 395 2138 equidem
417 2068 577 2124 immerito.
616 2068 655 2120 At
672 2069 697 2121 si
718 2069 786 2138 quid
805 2085 883 2123 nova
902 2067 995 2137 gloria
1015 2067 1108 2136 tangit

169 2161 303 2230 Ociaque
322 2161 362 2213 ob
381 2161 507 2213 solidam
526 2173 611 2230 potes
633 2161 851 2231 interrumpere
870 2162 987 2214 laudem
998 2200 1006 2227 ,
1088 2233 1090 2237 Α

168 2254 207 2306 Ut
225 2252 334 2319 facias,
355 2253 464 2305 modus
483 2261 537 2304 est.
574 2250 640 2320 Ego
659 2261 687 2304 te
707 2262 794 2322 eaput
812 2253 887 2306 orbe
906 2253 1032 2307 subacto

167 2343 301 2399 Efficiam
320 2362 441 2412 rerum,
462 2361 515 2414 per
532 2358 581 2399 me
593 2337 746 2415 Europaea
766 2345 908 2399 subibunt

168 2436 272 2506 Regna
291 2437 362 2505 tibi,
381 2438 555 2507 idolumque
573 2436 650 2492 Asiae
668 2449 717 2492 tua
733 2439 817 2507 jussa
837 2439 986 2510 Tyranni,

168 2530 334 2587 Poenorum
352 2532 462 2599 urbes,
485 2531 612 2602 Afrique
633 2549 649 2585 a
667 2532 732 2585 sole
751 2530 874 2601 perusti.

169 2623 221 2677 llis
241 2641 295 2691 ego
317 2624 455 2696 reliquias
474 2623 615 2692 Troum,
633 2623 844 2695 Phrygiosque
863 2633 1001 2696 penates,

169 2719 382 2787 Aeneadasque
401 2718 507 2784 Deos,
525 2717 769 2789 majestatemque
789 2719 911 2787 sepultae

170 2810 287 2877 Adjioio
308 2811 432 2876 Romae,
455 2810 637 2880 Vestamque
658 2826 697 2863 ex
714 2810 789 2862 urbe
808 2819 977 2879 potentem,

170 2902 290 2972 Imperii
311 2901 472 2967 excubias,
491 2901 670 2970 vigilemque
688 2902 748 2954 hue
766 2902 916 2955 transfero
935 2904 1104 2971 flammam,

171 2996 302 3050 Tantum
320 2995 441 3048 hortare
460 2993 562 3061 viros,
579 2993 806 3063 libertatemque
826 2995 922 3048 ruenti

123 3072 125 3075 ³
171 3089 300 3144 Fortiter
318 3087 407 3142 Italiae
426 3087 526 3154 refer,
547 3097 575 3139 et
591 3094 675 3140 moto
694 3087 799 3142 adsere
817 3087 909 3141 bello.

169 3184 336 3253 Regnatum
355 3180 441 3236 Latio
463 3179 533 3235 satis
552 3189 615 3246 est,
632 3180 733 3233 honor
754 3180 896 3234 immutati

171 3277 219 3346 Te
237 3291 330 3347 penes
352 3274 468 3343 imperii
487 3283 542 3328 est.
578 3273 623 3327 Ea
643 3274 700 3326 fata
719 3273 866 3327 simillima
886 3284 994 3344 vento,

171 3369 211 3424 Et
228 3369 343 3422 levibus
363 3366 488 3433 Boreis,
508 3369 537 3419 in
555 3367 682 3420 mollem
702 3366 818 3419 evanuit
837 3383 948 3422 auram.

172 3462 229 3516 Me
249 3476 361 3531 sopor,
381 3468 410 3513 et
426 3458 569 3512 domitrix
588 3475 728 3513 curarum
749 3460 814 3513 diva
833 3462 973 3531 reliquit,

174 3555 214 3606 At
232 3568 373 3622 superum
393 3552 545 3617 monituS,
564 3552 694 3622 tantique
715 3553 834 3607 oracula
853 3554 920 3619 fati,

175 3645 311 3700 Oenotrii
331 3645 433 3710 cives,
451 3659 513 3696 non
533 3652 577 3697 est
596 3654 790 3698 contemnere
808 3655 914 3699 tutum.

175 3738 246 3807 Emi
265 3733 288 3798 δ’
309 3738 366 3813 ἐγώ
387 3738 523 3810 βασιλεύς
542 3734 737 3812 (decimius,
758 3735 787 3798 «lc
807 3738 880 3798 καταί
901 3739 1001 3805 λίμνην

174 3837 338 3911 ’Taurinam
359 3840 516 3923 Βατράχων
535 3836 683 3914 ἡγούμενος
698 3837 789 3911 ἤματα
807 3841 909 3904 πάντα.

176 3941 235 4006 Καὶ
255 3969 288 4014 με
309 3941 398 4021 πατήρ
417 3939 536 4004 Πυλιΰε
554 3938 622 4002 ποτὲ
643 3946 753 4019 γιίνατο
773 3935 980 4025 Ὗδςομεδοόσῃ
