2640 4634
394 365 429 456 in
455 385 615 457 Venetos
639 380 944 456 Exhortsto'ri'um
1105 391 1171 457 125

160 560 257 636 Crede
275 559 370 645 mihi,
399 579 556 648 ancipitem
575 593 643 631 cum
662 574 784 631 bertarit
801 576 881 631 irrita
900 575 1032 648 molem3

226 673 314 726 Hune
334 686 436 724 rerum
455 673 602 738 integrum
620 684 681 723 non
700 671 777 725 sinet
796 687 862 728 esse
881 683 998 726 statum.

157 757 260 831 Adde,
287 765 369 834 quod
394 773 422 817 'et
445 762 569 820 sceleris
594 764 672 832 piget
694 758 771 830 hus,
795 764 939 834 veniaque
957 763 1133 836 precantum

225 847 308 914 Dum
328 867 434 928 quantu
452 868 515 924 est,
542 856 633 926 patuit
650 857 779 910 numinis
799 858 840 911 ira
859 858 909 910 tui.

157 953 213 1006 Sed
232 951 396 1022 quiartulia
415 946 487 1004 fides
506 950 579 1016 iliis3
605 950 653 1018 qui
673 959 759 1017 pacta
777 950 951 1015 resolvuut3

222 1043 261 1097 Et
278 1044 344 1114 quia
363 1043 573 1112 nonunquam
595 1042 709 1094 foedere
727 1052 806 1097 stare
825 1043 940 1109 solent,

157 1134 335 1211 Quanquam
353 1136 433 1205 pacis
454 1135 552 1188 emant
570 1136 765 1203 praetextum,
795 1143 823 1186 et
840 1150 965 1188 munere
985 1135 1119 1207 raptentp

222 1229 273 1282 Tu
291 1231 388 1282 tamen
408 1244 424 1280 e
445 1226 549 1297 caeptis
567 1226 816 1296 pmpusitnmque
834 1230 914 1281 tene.

153 1297 291 1379 Nullus'
282 1337 311 1372 m
331 1320 461 1375 admisso
482 1320 697 1385 veniaelocu83
728 1319 857 1388 undique
876 1328 1044 1388 causaest,

220 1413 254 1467 In
273 1412 404 1467 Venetbs
424 1414 558 1466 clemens
577 1427 631 1464 cur
649 1411 778 1464 habeare
798 1411 905 1466 minus

152 1496 280 1580 Quando
308 1506 412 1559 odiosa
429 1511 485 1558 tud
505 1506 642 1558 factaest
660 1505 817 1557 clementia
837 1506 918 1573 pacis
926 1524 937 1574 ¹3

217 1597 424 1668 virtutemque
444 1612 525 1651 tuam
544 1597 676 1649 criminis
696 1596 786 1649 instar
815 1597 934 1653 habent.

151 1687 279 1764 Quando
297 1689 351 1743 tibi
368 1690 489 1755 no'cuit,
517 1689 597 1757 quod
615 1697 647 1739 tu
665 1689 809 1756 prodesse
836 1690 977 1758 putabas,

216 1780 286 1834 Jam
305 1782 423 1835 tandem
442 1780 476 1834 iri
495 1779 548 1832 tibi
567 1779 667 1835 Coesar
685 1779 713 1831 in
732 1780 813 1833 ar'ma
830 1780 908 1836 lieet.

149 1873 238 1927 Sume
257 1874 386 1941 animas,
415 1868 590 1942 veniamque
609 1888 699 1939 nega,
728 1877 801 1924 'num
819 1886 943 1950 paruere
964 1873 1008 1928 ias
1027 1885 1089 1944 est3

216 1965 275 2038 Qui
294 1967 398 2036 prior,
425 1975 453 2019 et
471 1968 560 2019 causa
579 1981 641 2018 non
660 1963 780 2031 agitatus
800 1965 909 2020 obest?

145 2060 206 2110 Aut
225 2056 307 2111 'dabis
326 2058 396 2111 huic
415 2053 551 2125 ueniam,
572 2057 621 2128 qni
643 2056 712 2109 cum
732 2054 922 2126 requiescere
940 2062 1059 2128 posset,
1123 2129 1125 2135 Ι

212 2144 322 2203 Indixit
340 2162 426 2222 rupto
447 2153 559 2205 foedere
577 2149 655 2203 bella
675 2149 748 2203 tibi?

144 2226 194 2295 Du
215 2249 337 2309 tamen,
365 2253 393 2297 et
410 2245 503 2298 misso
523 2253 628 2314 pacem
647 2242 752 2310 largire
771 2238 888 2310 duone,

211 2334 240 2386 Si
259 2347 318 2404 pax
336 2342 405 2389 edm
422 2336 562 2404 Venetis,
594 2331 764 2404 suspicione
783 2345 875 2388 carett

144 2417 292 2480 Instabilis
311 2438 431 2482 servare
450 2427 538 2482 fidem
556 2428 658 2498 nequit
676 2416 766 2481 Adria
783 2428 903 2496 prole83

211 2501 355 2573 Naturam
377 2503 477 2589 patriis
498 2521 586 2574 traxit
607 2519 653 2573 ab
663 2520 845 2589 aequoribus»

142 2608 243 2666 Nemo
264 2596 312 2666 dat
331 2612 485 2692 Adducis,
511 2627 680 2681 quanquam
697 2610 777 2664 videt
794 2626 861 2663 esse
880 2618 1039 2681 serenum

209 2702 383 2772 Fluctibus,
409 2704 526 2758 inducta
543 2702 640 2758 navita
657 2711 775 2772 puppe,
793 2701 900 2779 *fidemt

143 2781 210 2848 Hu‘e
229 2782 284 2849 scit
302 2800 387 2850 nauta
409 2799 510 2866 rudis,
536 2798 669 2855 Venetos
691 2806 723 2851 tu
742 2796 854 2850 foedera
872 2779 969 2851 eredis

207 2886 335 2944 Firmius
355 2884 497 2958 Euganea
518 2905 609 2962 posse
632 2901 735 2946 tenere
756 2890 857 2944 freto?

140 2964 277 3048 'Huicque‘
295 2982 379 3036 dabIs
396 2985 533 3050 veniam,
563 2983 613 3053 qui
631 2984 657 3038 si
677 2992 706 3038 te
725 2987 828 3054 posset
845 2982 875 3037 in
893 2982 982 3037 armis

194 3070 358 3149 ¹Vincere,
376 3084 438 3126 non
456 3075 538 3143 pacis
557 3076 792 3141 congrederetur
815 3065 896 3144 ope?

140 3156 201 3234 Qui
222 3161 316 3215 crevit
333 3152 482 3230 fallendo,
513 3173 599 3234 atque
616 3165 674 3218 hae
693 3182 725 3219 se
744 3163 848 3218 muniit
866 3174 927 3218 arte

208 3251 247 3306 Et
270 3254 318 3325 qui
347 3271 424 3324 quos
437 3255 538 3323 jurat,
564 3263 626 3308 nori
645 3265 725 3327 putat
745 3271 810 3309 esse
829 3252 925 3312 Deost

139 3332 289 3401 ¹Praeterea
306 3344 438 3402 Venetos
457 3347 509 3403 tibi
532 3342 644 3402 bellum
664 3348 775 3401 inferre
797 3346 968 3418 pudendum
987 3344 1048 3416 θεὴ

208 3440 235 3492 Si
255 3441 372 3510 qnando
393 3442 523 3496 externis
543 3442 620 3495 fatua
639 3440 718 3495 dabit
735 3439 864 3508 populist

140 3525 190 3584 Tu
209 3542 296 3602 caput
316 3549 346 3586 es
365 3536 486 3602 rerum,
512 3534 564 3602 tib!
582 3538 669 3588 terrae
688 3528 817 3586 subdidit
835 3531 943 3598 orbem

124 3635 127 3639 ·
208 3623 335 3679 Partitus
355 3627 506 3694 geminum
523 3615 667 3697 Jupiter·
660 3622 828 3694 imperiumi

138 3714 257 3785 Jupiter
278 3729 322 3772 est
340 3720 417 3773 eoelo
435 3732 591 3786 summus,
616 3718 673 3771 sub
692 3717 809 3769 Caesare
827 3726 907 3772 terra
925 3727 986 3786 ειη

207 3810 261 3861 Hie
281 3794 336 3863 sibi
355 3812 497 3868 mortales
520 3811 656 3878 subiicit,
683 3813 730 3865 ille
750 3813 857 3881 Deos,

139 3894 290 3970 Quantum
310 3913 354 3956 est
373 3921 388 3957 a
406 3905 497 3973 nigris
515 3903 685 3958 Nabathaeis
707 3903 815 3958 finibus
834 3904 932 3970 Indis,

205 3976 340 4049 Phoebus
357 3995 412 4055 ubi
425 3994 548 4080 rutilum
563 3994 778 4068 provehitur
797 3997 894 4064 diem,
952 4028 956 4035 =
