2670 4628
610 328 740 406 Nemo.

85 597 88 601 y
174 527 243 580 Haec
262 540 386 594 egenum
404 530 540 591 teneam,
569 525 713 581 cumsim
731 523 939 596 superomnia
959 525 1059 596 solus,

73 608 76 617 ¹
237 619 335 672 Multa
356 620 473 672 tandem
490 620 526 671 de
544 635 592 671 me
610 636 671 673 non
690 619 767 672 bene
785 619 891 687 vulgus
909 620 975 688 agit.

170 710 263 778 Urget
281 712 423 766 continuo
442 729 491 765 me
509 711 595 764 turba
614 711 777 764 domestica
795 711 895 779 bello,

238 804 276 856 Ut
293 821 363 857 cava
381 805 539 857 summotis
557 813 636 856 terra
655 804 760 857 feritur
784 805 878 873 aquis.

168 894 250 947 Ecce
270 897 393 949 infracta
406 896 508 963 jacent
524 897 666 949 hesterno
686 912 756 950 vasa
774 897 920 964 tumultu,

235 988 318 1055 Olla,
343 989 446 1055 lebes,
471 989 595 1058 patinae,
623 988 818 1060 vitriolusque
838 989 933 1055 calix,

167 1079 206 1134 Et
224 1080 310 1133 variae
330 1082 418 1149 signis
438 1081 563 1150 phialae,
592 1080 735 1152 samiique
756 1082 878 1148 cululli‚

233 1173 272 1226 Et
295 1191 395 1227 carum
415 1174 546 1227 absentis
566 1174 672 1243 cupula
690 1190 799 1228 munus
818 1173 894 1228 heri.

168 1266 444 1336 Oenophorumque
467 1282 576 1336 capax,
606 1275 634 1319 et
655 1269 774 1321 aduncae
794 1269 953 1322 cantharus
973 1284 1068 1336 ansas,

232 1357 474 1427 Simpimiumque
493 1359 613 1426 ingens,
638 1360 860 1431 herculeusquc
878 1363 1020 1433 scyphus.

163 1449 266 1502 Fracta
279 1450 360 1517 jacet
376 1452 507 1520 lampas,
530 1451 611 1518 jacet
628 1453 819 1520 unguentaria
837 1455 942 1524 pyxis,

232 1541 366 1614 Quaeque
384 1543 465 1597 leves
484 1544 593 1611 gelidas
611 1561 685 1597 urna
705 1545 852 1599 ministrat
870 1547 966 1617 aquis.

165 1634 284 1687 Sustulit
301 1635 368 1687 haec
387 1635 474 1687 etiam
494 1635 611 1702 fragiles
631 1635 741 1689 insania
758 1646 866 1705 testas,

229 1731 269 1778 At
288 1742 381 1780 cocus
399 1728 435 1779 ad
452 1727 580 1779 solidum
602 1727 676 1779 laesit
697 1729 791 1783 ahena
809 1731 923 1786 focum.

162 1820 251 1873 Laesit
270 1830 298 1872 et
315 1834 438 1874 eversos
474 1818 626 1888 tripodas,
654 1828 819 1891 tenuesque
840 1823 1034 1892 quadrantes,

229 1914 450 1982 Neglectusque
473 1927 528 1965 suo
547 1912 627 1971 follis
647 1911 675 1964 in
695 1912 760 1980 igne
778 1913 869 1981 jacet.

162 2007 386 2076 Dimissumque
407 2005 474 2058 alibi
493 2005 654 2075 pistillum,
682 2004 826 2075 abacique
844 2007 972 2076 revulsi,

228 2100 266 2152 Et
284 2101 442 2154 relocanda
462 2098 523 2152 suis
542 2107 662 2151 stannea
681 2113 751 2151 vasa
769 2099 864 2168 locis,

160 2191 198 2245 Et
216 2195 372 2262 quaerenda
391 2192 440 2244 diu
459 2191 559 2244 fractis
578 2191 747 2245 cochlearia
768 2192 883 2260 theciS,

227 2287 437 2355 Fuscinoque,
467 2295 496 2337 et
516 2301 602 2338 caecae
620 2285 713 2338 danda
731 2284 934 2341 lucernariae.

158 2378 277 2431 Decidit
296 2376 422 2430 excussi
442 2378 551 2429 ferrata
569 2376 669 2443 sagitta
688 2376 843 2445 pharetra,

225 2469 263 2522 Et
284 2479 359 2521 stant
381 2479 446 2520 ante
467 2484 554 2521 suum
571 2467 638 2519 vina
659 2469 759 2521 refusa
778 2468 897 2522 vadum.

156 2562 234 2615 Hinc
255 2559 376 2624 cacabi,
403 2559 528 2628 tinaaque
546 2573 669 2625 graves,
696 2558 829 2625 aquatilis
848 2559 944 2626 obba,

224 2653 309 2706 Illinc
328 2651 457 2704 Etrusco
479 2650 556 2703 seria
573 2658 665 2702 amata
685 2644 805 2703 Numae.

156 2747 254 2816 Rupta
272 2745 398 2798 canistra
411 2743 513 2812 jacent
520 2761 530 2810 3
556 2742 638 2810 jacet
656 2742 821 2811 amphora,
849 2759 905 2796 nec
929 2750 1008 2796 tenet
1028 2749 1092 2813 apte

223 2839 433 2894 Pulverulenta
452 2853 524 2891 suos
541 2835 724 2888 bibliotheca
745 2835 850 2890 libros».

155 2933 246 2984 Ebria
270 2947 395 2984 securos
415 2930 525 2983 domini
545 2930 701 2999 petulantia
721 2947 827 2985 servos

223 3024 321 3074 Multa
339 3023 409 3073 facit
428 3039 528 3074 vacuae
549 3023 654 3076 damna
672 3024 786 3076 referre
805 3025 924 3078 domos

156 3113 241 3184 Quos
260 3113 393 3181 petulans
415 3112 490 3164 inter
507 3114 642 3179 neglecto
664 3109 778 3166 Ancilla
801 3115 906 3166 labore

222 3206 294 3259 Non
312 3204 383 3255 mihi
405 3204 432 3255 in
452 3220 552 3255 rerum
569 3204 733 3273 perditione
753 3205 831 3257 facit.

154 3299 219 3368 [psa
238 3312 349 3367 penum
367 3296 472 3362 struit,
500 3307 527 3348 et
545 3296 655 3366 patinas
677 3297 787 3349 inducit
808 3296 937 3364 opimaS‚

221 3392 355 3464 Quaeque
377 3389 432 3442 sibi
452 3390 548 3443 solers
566 3389 633 3441 vina
651 3398 783 3442 reservat
800 3389 903 3442 herus.

152 3486 216 3540 Ova
237 3483 343 3536 dehinc
363 3482 473 3552 promit
491 3482 589 3551 tepido
609 3482 740 3549 frigenda
763 3482 889 3550 butyro,

215 3582 288 3630 Arte
307 3575 359 3628 tibi
378 3575 492 3627 varium
511 3577 597 3628 docta
617 3593 719 3645 parare
738 3591 841 3643 genus.

153 3671 265 3744 Quaerit
283 3670 311 3721 in
331 3668 474 3722 abstrusis
492 3676 624 3720 tucetum
643 3669 744 3721 nobile
766 3669 867 3735 cellis,

218 3763 383 3831 Crassaque
402 3761 500 3813 vicino
520 3760 633 3813 sumina
652 3771 728 3814 tosta
747 3762 830 3813 foco.

151 3856 205 3908 Hic
223 3854 334 3907 bibitur
352 3864 427 3906 totas
446 3871 586 3907 mensura
608 3863 739 3923 aequante
764 3855 897 3922 lagenaS,

217 3947 402 4016 Laetaturque
421 3947 520 4017 operis
538 3947 638 3999 nescia
656 3947 742 4001 turba
761 3947 815 4002 sui.
