2670 4628
563 368 662 464 Eleg.
699 367 746 439 X.
761 363 783 388 “

155 563 194 617 Et
214 573 324 616 tanturn
344 561 488 618 mansisse
508 560 607 629 dorni,
640 560 717 613 bene
736 561 837 615 vivere
858 573 970 632 censet,

222 657 305 709 Dum
324 665 432 710 saturat
450 655 537 708 variis
558 662 680 722 pectora
699 654 814 710 delitiis.

155 749 237 802 Dum
256 748 390 817 seqnitur
409 747 514 816 patrias
534 755 673 816 corrupta
693 747 789 799 fronte
811 748 942 816 puellas,

223 842 306 894 Dum
324 841 393 892 furit
412 839 439 890 in
460 840 565 894 doctos
584 839 790 918 innocuosque
809 840 901 897 viros.

154 932 192 985 Et
211 935 295 988 solus
314 933 371 984 dici
391 933 469 1001 cupit
488 933 540 986 ista
559 932 666 984 doctor
685 933 712 983 in
732 932 822 1001 urbe,

224 1026 309 1098 Quos
329 1024 428 1080 titulos
446 1025 527 1079 nullo
546 1031 639 1091 gestat
655 1023 773 1076 honore
793 1033 901 1078 tamen.

153 1117 324 1172 Mobilibus
342 1119 483 1188 platanis,
510 1118 663 1184 longaeque
683 1117 848 1171 simillimus
868 1134 962 1185 orno,

225 1210 299 1282 Quae
319 1227 397 1280 saepe
421 1227 435 1262 a
454 1209 561 1278 rapidis
582 1207 690 1260 decidit
712 1209 767 1261 ieta
788 1209 876 1264 Notis
894 1239 927 1250 -

156 1305 242 1356 Sorte
261 1320 313 1359 sua
331 1304 453 1373 gaudet,
480 1302 684 1370 tumidumque
704 1319 719 1354 c
741 1313 862 1371 pectore
882 1303 963 1358 virus

223 1397 294 1450 Non
314 1396 395 1449 timet
415 1396 442 1448 in
461 1395 586 1465 quodvis
607 1393 762 1449 exacuisse
781 1395 892 1450 scelus.

156 1489 226 1542 Non
251 1489 356 1540 mirum
377 1497 419 1544 est
439 1488 541 1553 igitur,
571 1486 595 1542 si
615 1503 662 1539 me
680 1486 836 1540 violaverit
854 1489 920 1555 illo,

225 1581 294 1653 Quo
313 1597 390 1650 saepe
411 1580 575 1634 immundas
599 1578 703 1648 polluit
721 1588 785 1631 ante
805 1595 920 1635 manus.

154 1672 223 1726 Nec
242 1674 347 1725 mirum
367 1682 428 1739 est,
456 1673 521 1741 quia
539 1672 582 1726 sic
602 1670 714 1735 cecidi,
745 1672 811 1740 qnia
830 1674 914 1728 fusus
934 1676 968 1728 ad
987 1677 1095 1743 imum,

222 1765 384 1820 Dissimilis
402 1749 506 1817 uideor
524 1763 652 1816 nominis
673 1777 738 1817 esse
755 1764 824 1816 mei.

156 1856 222 1926 Ipsa
241 1872 309 1912 suas
329 1858 457 1910 Fortuna
477 1866 575 1921 rotas,
605 1872 659 1925 pro
679 1866 814 1924 ternpore
833 1866 947 1925 versat,

223 1948 260 2001 Et
278 1950 393 2004 levibus
412 1959 529 2015 nostras
555 1949 660 2004 axibus
680 1948 771 2001 ambit
790 1966 873 2018 opes.

155 2040 212 2096 Jus
230 2042 291 2107 iili,
323 2044 402 2110 quod
428 2042 510 2097 triste
529 2042 615 2107 velit,
634 2041 713 2111 quod
735 2051 840 2111 poscat
859 2059 1007 2096 arnoenum

221 2134 366 2200 Efficere,
394 2146 421 2185 et
440 2134 543 2189 dubias
564 2136 687 2203 datque,
714 2133 847 2203 rapitque
865 2135 958 2190 vices.

155 2227 312 2296 Nusquam
332 2225 413 2278 firma
432 2228 521 2293 ioco,
548 2243 603 2280 aec
623 2227 729 2280 eodem
750 2228 865 2293 ‚cognita
883 2230 984 2296 vultu,

221 2319 371 2384 Lubrica,
401 2328 428 2371 et
447 2320 550 2386 insigni
569 2319 732 2372 mobilitate
755 2320 839 2373 levis.

154 2410 244 2464 Nunc
265 2411 343 2462 videt
362 2414 486 2463 Aurorae
509 2412 617 2467 nitidos
640 2411 820 2465 adscendere
840 2426 966 2479 cursuS‚

220 2503 311 2556 Nunc
330 2502 407 2554 videt
426 2505 565 2558 occiduas
585 2504 649 2555 haec
668 2503 840 2558 Phaetontis
861 2520 962 2574 aquas.

152 2596 228 2650 Non
248 2593 341 2660 aliqua
363 2601 459 2643 tamen
477 2594 535 2648 hos
554 2603 652 2647 motus
672 2593 792 2658 regione
814 2595 974 2662 gubernat,

224 2685 332 2739 Omnia
353 2684 481 2736 femineo
503 2684 586 2754 ponit
606 2684 635 2737 in
654 2685 785 2739 arbitrie.
876 2692 880 2701 “

154 2779 262 2843 Falsa,
295 2779 398 2844 fugax,
429 2778 616 2845 truculenta,
644 2777 735 2845 levis,
762 2793 854 2847 vaga,
874 2778 1008 2847 turbida,
1031 2796 1163 2850 pugnax,

222 2871 354 2935 Miscet,
380 2870 451 2936 agit,
477 2880 597 2938 censet,
620 2871 756 2942 produit,
782 2871 855 2938 orit,
882 2882 968 2925 amat.

155 2961 254 3027 Fregit
279 2977 351 3031 opes
369 2963 496 3016 Fortuna
517 2978 618 3031 meas,
644 2965 832 3034 animumque
852 2965 985 3032 reliquit,

226 3056 321 3107 Vellet
340 3068 368 3106 et
385 3055 465 3107 hunc
484 3057 610 3110 fractum
629 3057 756 3113 Lossius
776 3072 842 3113 esse
860 3057 943 3111 mihi.
