2640 4634
148 367 192 437 92
474 355 532 426 De
557 365 635 431 erte
664 353 815 425 versilic.

148 549 196 603 Sie
211 549 279 616 lego
298 548 431 612 virtutis,
449 546 580 613 telluris,
599 546 661 598 sive
679 545 803 615 paludis.

149 643 238 694 Certe
258 657 331 706 ego,
348 639 429 708 quod
445 639 543 693 veniat
562 637 645 707 palus
664 639 694 694 in
712 654 776 703 ntea
795 638 941 703 carmina,
959 636 1063 691 nolim.
1093 648 1097 657 “

148 734 272 791 Flaccus
292 745 323 794 ut
344 744 388 785 est
407 747 478 784 usus
498 742 597 797 vates,
615 747 682 786 uam
702 747 766 797 rruae
785 745 860 787 unus
879 739 908 783 et
924 729 998 781 alter

150 830 246 880 Autor
264 826 370 891 habet,
390 825 454 894 quis
475 824 504 876 in
521 824 602 876 hunc
621 822 674 874 nisi
694 838 794 877 crassa
814 821 891 873 l'orte
909 820 1068 886 Minerva,

150 919 320 988 ingeniique
339 916 456 986 inopis,
474 915 537 968 sive
554 915 696 980 testibus,
716 913 823 966 ineidat
841 915 954 974 usum?

151 1102 222 1157 llaec
240 1111 271 1153 ut
289 1102 318 1154 in
337 1100 494 1154 admissam
513 1098 657 1152 concedat
676 1096 788 1166 syllaba
806 1113 933 1163 vocem,

153 1183 341 1249 Trseidimus
359 1191 510 1258 breviter,
528 1191 609 1262 quod
628 1191 652 1243 si
671 1190 723 1242 tibi
741 1197 844 1244 noster
865 1188 893 1241 in
912 1189 974 1242 istis

152 1292 302 1354 Angustus
321 1285 408 1339 nimis
427 1293 471 1337 est
490 1284 594 1350 labor,
614 1293 699 1352 atque
714 1282 772 1334 hac
796 1281 897 1337 delicis
916 1290 996 1349 arte,

153 1379 301 1433 Ulteriora
319 1387 405 1451 potes
428 1357 561 1433 studioso
583 1375 738 1455 acquirere
757 1373 833 1429 nisu.

154 1559 268 1627 Syllaba
288 1560 362 1612 iacta
381 1559 472 1631 pedes
491 1559 585 1643 facil,⁸
597 1570 625 1612 et
645 1560 718 1631 pede
738 1561 866 1613 earmina
885 1567 1038 1626 constant,

153 1651 256 1718 Longa
277 1661 377 1714 secuta
395 1651 541 1718 brevem,
560 1653 729 1722 spartanum
748 1653 836 1720 gignit
852 1650 1008 1705 Jambum.

67 1804 71 1809 ,
153 1745 230 1807 lluic
251 1754 369 1813 eontra,
389 1761 428 1809 011
447 1746 534 1814 longa
553 1763 666 1818 ponere
685 1745 829 1816 brevique
847 1744 1007 1802 Trocheae.

153 1836 261 1903 Pirrhe
281 1838 361 1891 celer-
378 1838 544 1905 brevibus,
562 1839 657 1907 longis
678 1838 814 1908 Spondee
834 1836 947 1898 duabus

153 1929 197 1982 lte
216 1931 322 2004 pedes,
341 1930 458 2003 longam
477 1932 624 2004 correptis
642 1931 769 2000 Dactylc
791 1929 867 1983 binis

154 2023 298 2088 Anteler,
317 2032 344 2074 at
363 2032 468 2074 contra
486 2024 565 2079 volat
584 2023 785 2091 Antidaetylus
804 2022 855 2076 illi.

156 2115 218 2174 Tot
235 2114 360 2180 volucer
378 2114 521 2173 brevibus
540 2115 745 2180 Tuberones,
764 2114 919 2185 longisque
936 2114 1090 2169 molossus

154 2207 249 2260 Nacta
268 2207 405 2274 utrinque
426 2190 447 2271 J
511 2207 613 2271 brevis
632 2216 678 2264 est
692 2207 744 2262 ubi
763 2207 875 2276 syllaba
891 2206 1015 2275 leugas,

157 2298 290 2352 Creticus
310 2283 476 2379 efficiturq,
519 2300 596 2352 elius
615 2301 781 2354 contrarius
800 2300 849 2353 1111.
974 2375 977 2382 ¹

155 2395 231 2444 Ante
250 2390 349 2443 brevis
368 2391 472 2458 longae
481 2392 655 2460 OEaechius,
673 2393 799 2446 contrait
817 2400 914 2453 autern

157 2485 209 2547 (Ut
227 2498 349 2536 versura
367 2483 471 2552 docet)
493 2484 743 2555 Palymbacchius
762 2487 868 2547 eidem,

157 2669 246 2733 Sunt,
265 2669 373 2737 quibus
391 2671 505 2723 accedit
521 2671 623 2741 (potes
641 2674 702 2725 hoc
721 2671 869 2741 inquirere
887 2671 1000 2734 lector)

158 2762 272 2828 Syllaba
291 2772 392 2831 quarta
413 2764 502 2832 pedes
521 2765 700 2824 immensum
720 2775 764 2818 est
782 2764 880 2824 omnia
903 2764 971 2821 dici,

156 2941 319 2996 llliseueris
339 2953 475 3012 tenuem,
499 2947 522 2998 si
542 2949 658 3016 quando
678 2951 713 3001 ad
732 2965 851 3000 carrncn
870 2948 1011 3013 Homeri,

157 3034 420 3104 Penrhametrum,
437 3041 568 3094 numeris
587 3041 666 3096 dabit
682 3041 729 3094 his
749 3041 839 3109 elegia
857 3057 979 3099 nomen,

155 3219 288 3284 Belgites
310 3223 410 3290 elegos
429 3225 552 3294 pedibus
572 3234 710 3280 constare
729 3227 866 3295 duobus,

156 3311 289 3364 Maxima
309 3332 376 3382 pare
395 3329 493 3369 vatum
514 3319 618 3384 sentit,
638 3320 673 3372 da
691 3321 843 3388 Dactylon
863 3320 939 3385 illis,

157 3405 385 3475 Sporrrlernnquc
404 3427 541 3473 gravem,
562 3412 633 3462 nihil
650 3413 712 3465 hoc
731 3412 759 3464 ln
779 3408 909 3467 carmine
922 3413 1000 3479 juris

155 3495 239 3546 Alter
256 3497 362 3564 habet,
383 3501 497 3553 eunctis
517 3511 562 3554 est
578 3503 679 3556 ultima
696 3503 835 3556 versibus
854 3510 973 3574 anceps.

157 3585 249 3637 Ponis
269 3589 297 3639 in
316 3591 418 3645 110100
437 3609 556 3662 sempor
575 3598 745 3664 promiscue
763 3607 923 3667 utrunque.

156 3676 213 3728 Jus
231 3687 327 3732 tamen
348 3683 376 3735 in
395 3685 494 3753 quinta
514 3697 558 3740 est
578 3690 659 3753 (nam
677 3707 732 3743 sex
752 3691 924 3758 regionibus
943 3689 1013 3742 illud

156 3769 323 3825 Dividimus
343 3780 478 3842 carmen)
498 3778 553 3830 soli
573 3781 624 3832 tibi
643 3783 769 3852 Dactylo
788 3794 909 3851 perstat.

158 3858 310 3934 spondeus
331 3879 448 3928 sextum
467 3869 524 3922 sibi
541 3888 594 3941 pes
613 3875 678 3927 vice
698 3877 800 3947 quaerit
821 3877 935 3930 eadem.
