2640 4634
434 754 845 874 ElegiaIX.

174 973 226 1046 td
256 970 437 1043 Joannem
467 964 736 1062 Loberingum‚
778 974 974 1061 patronum
1007 993 1109 1041 suum

448 1103 485 1174 in
510 1126 619 1174 causa
642 1100 826 1175 Loesiana.

140 1420 314 1513 Musarum
339 1459 425 1522 atque
451 1449 550 1504 omnis
575 1447 674 1502 cultor
692 1445 882 1520 Loberingus
905 1451 1048 1521 honoris,

209 1548 308 1621 Quem
328 1546 414 1598 decet
430 1544 561 1596 humano
580 1558 693 1610 ponere
714 1543 742 1594 in
762 1543 897 1613 ingenio,

140 1639 266 1697 Palladis
287 1648 316 1691 et
336 1636 424 1690 Clarii
443 1635 633 1700 Loberingus
650 1635 797 1704 Apollinis
816 1638 923 1706 ardor,

207 1731 359 1790 Phocaica
377 1729 479 1796 dignus
497 1734 633 1795 tempora
657 1725 764 1780 fronde
787 1730 860 1797 tegi,

144 1825 202 1898 Qui
221 1840 340 1877 carmen
351 1862 360 1888 ,
393 1821 442 1891 qui
461 1821 525 1887 lege
544 1817 613 1870 facit
634 1833 712 1870 nova
731 1818 842 1888 scripta
862 1823 975 1891 soluta,

210 1916 329 1990 Quique
349 1914 456 1986 aliquid
474 1911 564 1964 nitido
584 1909 699 1980 perficit
720 1912 862 1980 eloqui05

143 2010 194 2063 Ilie
206 2050 215 2077 ,
245 2009 382 2078 inquam,
411 2013 507 2062 tantus
525 2003 654 2072 tantique
676 2004 793 2058 decoris
813 2015 942 2075 amator,

209 2103 319 2172 Sponte
339 2115 391 2152 sua
411 2114 531 2155 causam
553 2098 663 2148 format
683 2096 797 2168 agitque
818 2114 925 2154 meam.

136 2193 270 2264 Jamque
289 2209 356 2246 suas
377 2193 457 2260 leges
477 2191 574 2245 animo
595 2199 746 2258 repetente
769 2200 925 2260 recenset,

207 2283 246 2338 Et
264 2285 416 2354 spoliatori
431 2285 500 2352 jura
517 2282 644 2336 timenda
662 2298 743 2335 meo.

143 2379 209 2432 Hoc
228 2377 302 2429 duce
317 2377 468 2444 judicibus
487 2376 593 2444 injuria
611 2384 714 2428 nostra
733 2373 848 2432 severis

209 2469 369 2536 Panditur,
389 2480 417 2523 et
434 2471 545 2522 lectum
564 2470 659 2521 fertur
677 2468 706 2519 in
730 2468 892 2526 arbitrium.

143 2562 262 2616 Frendit
282 2571 310 2613 et
333 2562 435 2616 insano
456 2559 526 2612 furit
542 2567 647 2612 auctor
664 2559 791 2611 Lossius
811 2576 883 2627 ore,

209 2650 893 2722 ffldfflffinmmmmmfflmssmmmm

143 2722 196 2800 l'tte
213 2746 285 2798 nihil
305 2745 446 2812 monitis,
477 2745 549 2799 nihil
568 2743 629 2798 hoc
648 2741 823 2814 perterritus
840 2742 929 2796 hoste

211 2840 346 2908 Suscepit
364 2839 459 2895 nostri
473 2839 542 2907 jura
560 2836 728 2908 patrocinii.

143 2933 196 2986 Ille
214 2946 313 2984 meam
331 2930 438 2999 quovis
456 2933 630 2986 moderatur
644 2929 746 2999 judice
766 2944 903 2996 causam,

211 3024 341 3088 Jamque
359 3036 414 3076 sua
432 3023 546 3076 tabulas
565 3024 695 3079 condidit
713 3023 777 3093 ipse
794 3038 901 3088 manu,

143 3109 180 3171 Et'
200 3130 268 3167 mea
285 3109 448 3164 subscribit
465 3115 563 3182 posito
584 3113 777 3168 instrumenta
796 3113 911 3180 sigillo,

211 3206 361 3270 Nunoque
381 3219 434 3255 ore
453 3206 571 3274 scriptis
588 3222 668 3257 nunc
687 3206 743 3272 agit
761 3205 809 3256 ilie
826 3203 916 3256 notis.
982 3191 987 3200 ’

145 3298 236 3372 Quod
254 3294 410 3362 meritum,
436 3310 501 3365 quaa
520 3311 608 3348 causa
626 3296 723 3350 virum
741 3297 770 3348 in
787 3311 853 3347 mea
873 3293 1032 3347 commoda
1049 3291 1153 3362 movit,

213 3387 339 3463 Quaddo
360 3387 432 3440 alius
450 3395 547 3440 vastas
565 3388 742 3457 polliceatur
761 3402 834 3456 opes
846 3389 869 3441 ?-

145 3487 191 3538 An
208 3490 252 3534 tot
272 3495 345 3548 opes
365 3483 526 3550 superant?
562 3497 597 3534 an
615 3492 692 3538 tanta
710 3478 836 3551 pecunia
853 3486 957 3536 nostra
976 3486 1039 3545 est,

152 3572 829 3642 'Ummmfflwmmfflwi

145 3671 191 3720 An
210 3681 278 3735 spes
300 3672 344 3717 est
365 3666 404 3717 iili
424 3666 452 3718 in
470 3675 529 3720 tam
543 3665 629 3733 justae
650 3665 809 3719 commoda
829 3681 945 3734 causae,

211 3758 334 3826 Proque
353 3774 408 3811 suo
428 3759 587 3828 quidquam
607 3759 686 3813 ferre
705 3759 810 3813 labore
832 3759 934 3829 cupit?

145 3851 216 3906 Non
244 3848 339 3901 merui
365 3851 545 3921 quidquam,
574 3867 671 3920 neque
687 3852 751 3922 jam
771 3851 840 3908 dare
863 3867 988 3906 munera
1013 3865 1152 3922 possum,
1238 3910 1245 3925 ‚

211 3941 336 3995 Justitiae
355 3942 454 3997 solum
473 3941 562 4010 diligit
580 3940 628 3994 ille
645 3943 746 4006 dect-18.
