2640 4634
550 351 651 447 Eleg.
690 349 752 422 111.

149 546 176 600 Si
195 533 451 598 miser'Hutteuus
469 561 560 614 prece
579 551 608 607 te
626 541 804 596 miserabilis
823 551 928 611 urget,

153 624 161 640 ’
213 637 253 689 Et
271 636 342 706 petit
361 636 462 690 affictis
480 636 609 706 undique
629 637 720 691 rebus
741 653 849 705 opem,

149 730 227 804 Quid
247 729 361 781 dubitas
380 728 515 793 miseros,
529 729 684 793 demittere
704 729 731 782 in
751 747 822 793 aure
843 733 985 798 rogatus?

165 805 168 813 ’
215 822 332 895 Quidve
351 838 439 890 negas
457 823 592 893 vultum,
611 839 701 893 quem
720 823 807 876 decet
827 839 893 876 esse
912 823 987 879 tibi?

144 916 212 970 Nec
232 923 259 967 te
279 914 445 980 difficilem,
461 932 518 973 nec
538 923 567 966 tc
586 914 672 980 decet
691 930 756 968 esse
775 915 959 986 superbum*

213 1007 361 1060 Convenit
380 1006 469 1059 aestati
488 1007 573 1061 frons
591 1006 669 1060 bene
688 1008 752 1081 laeta
772 1017 839 1070 tuae,
953 993 955 997 ⁷

144 1101 173 1155 Si
191 1100 263 1166 tibi,
282 1117 346 1169 quae
365 1097 470 1167 nobis,
489 1099 592 1153 eadem
611 1100 729 1153 fortuna
748 1101 870 1168 fuisset,

212 1198 273 1248 Aut
292 1210 374 1247 esses
393 1192 481 1247 simili
501 1192 672 1257 conditione
690 1193 801 1248 miser:

145 1289 196 1343 Nil
215 1288 307 1354 magis
327 1296 445 1357 optares
465 1303 572 1357 quam,
591 1286 641 1355 qui
660 1295 873 1359 succurreret,
894 1303 985 1343 unrun
995 1328 1004 1357 ,

213 1379 332 1455 Quique
351 1380 407 1433 tuis
426 1389 530 1451 posset
549 1379 657 1438 obvius
678 1379 721 1432 ire
741 1380 836 1434 malis.
971 1451 973 1456 Ι

99 1518 101 1521 .
146 1473 235 1548 Quod
254 1484 324 1528 tunc
344 1482 483 1543 optume,
501 1473 573 1533 mihi
592 1489 673 1536 nunc
692 1480 795 1543 optare
814 1471 932 1545 licebit,

211 1565 341 1619 Fortuna
361 1583 400 1618 ex
419 1567 502 1638 omui
521 1566 622 1641 uubila
640 1575 807 1638 partemea
827 1575 881 1619 est.

146 1656 295 1730 Quidquid
317 1668 379 1712 erat
396 1676 519 1731 rerum⁷
536 1659 688 1733 malesano
707 1659 834 1713 Lossius
857 1674 930 1711 ausu

210 1751 358 1819 Abstulit,
377 1751 500 1820 ingeniis
519 1751 610 1821 pestis
630 1751 728 1820 iniqua
746 1750 834 1802 bonis
845 1792 854 1817 ‚

143 1843 249 1896 Nudus
270 1860 325 1910 eo,
345 1853 478 1913 vestram
494 1845 617 1917 perveni
636 1844 732 1896 nudus
753 1843 781 1898 in
800 1843 926 1908 urbem,

212 1934 364 2009 Quidquid
383 1946 445 1992 erat
462 1923 582 2004 rerum,
607 1936 733 1997 Loesius
749 1953 841 2004 ,omne
860 1936 934 1997 tulit‚

145 2026 205 2081 Res
224 2028 307 2096 tulit,
325 2038 358 2084 ut
375 2030 487 2100 potuit,
510 2030 563 2083 sed
582 2047 631 2082 me
651 2029 747 2083 divina
766 2031 902 2093 volentes

209 2121 331 2189 Ingenio
351 2123 485 2176 nondum
505 2123 577 2193 fecit
596 2123 678 2176 abire
695 2140 777 2177 meo.

141 2214 295 2282 Ingenium
315 2231 436 2269 mecum
446 2256 454 2282 ,
476 2215 665 2277 stabilissima
683 2232 807 2281 munera
825 2217 931 2284 porte,

210 2306 332 2376 Suscipe
346 2308 461 2376 judicio
484 2309 561 2374 dona
580 2309 705 2375 probata
723 2311 794 2362 tuo!

143 2402 278 2470 Cumque
298 2417 353 2455 suo
372 2400 502 2467 Hutteuo
523 2402 621 2456 socias
641 2415 790 2456 assumme
809 2415 951 2463 somme,

208 2493 283 2548 Pars
304 2494 413 2546 melior
431 2495 521 2553 nobis
542 2504 625 2564 parte
645 2495 772 2549 abeunte
791 2503 900 2547 manet.

144 2584 293 2658 Quidquid
313 2585 340 2636 id
360 2593 424 2651 est,
446 2591 510 2645 toto
527 2587 647 2654 juvenis
665 2588 718 2655 tibi
738 2587 848 2658 serviet
872 2603 954 2647 aevo,
992 2658 993 2661 Ἴ

208 2680 305 2749 Atque
324 2678 379 2730 erit
398 2677 432 2731 ad
450 2664 555 2744 nutum
573 2688 677 2733 nostra
698 2679 838 2732 Camoena
855 2687 959 2741 tuum;

140 2770 234 2842 Inque
254 2779 317 2824 tuas
338 2771 440 2836 laudes
460 2767 587 2825 ferventi
608 2773 716 2826 moliar
735 2789 807 2839 ore,

126 2925 128 2928 y
208 2861 291 2930 Num
305 2864 413 2935 cupis,
434 2884 451 2920 o
463 2908 471 2934 ,
493 2867 552 2921 fato
573 2855 743 2921 candidiore
764 2864 844 2920 frui?

140 2956 212 3014 Haec
232 2957 284 3009 tibi
304 2957 384 3010 clare
404 2975 527 3027 comes,
548 2962 608 3023 fato
628 2961 756 3029 meliore
779 2959 924 3012 ferentem

208 3050 349 3120 Suscipe,
370 3054 505 3116 fortunas
525 3055 736 3109 commiserate
755 3056 855 3105 meas!

142 3140 293 3214 Quodque
311 3145 364 3197 tibi
384 3162 511 3216 cuperes
531 3147 614 3212 lieri,
635 3149 659 3200 si
677 3156 709 3199 tu
725 3146 819 3197 miser
838 3157 938 3204 esses,

209 3235 275 3288 Huc
296 3237 385 3304 adse,
404 3247 432 3290 et
450 3238 539 3307 lapsis
559 3255 684 3309 suggere
703 3237 794 3288 rebus
816 3235 925 3302 opem!

138 3323 289 3396 Respice,
308 3330 338 3384 in
354 3331 493 3396 humanis
514 3348 579 3400 quae
598 3332 656 3385 sint
673 3327 845 3381 discrimina
864 3323 974 3385 rebus,

209 3419 339 3498 Respice
358 3440 447 3492 quam
465 3424 581 3487 varium
600 3439 668 3479 sors
687 3430 751 3490 agat
771 3419 949 3492 imperium!

142 3511 217 3585 Quae
238 3514 311 3567 mihi
330 3532 409 3569 nunc
428 3517 502 3569 dura
521 3526 582 3584 est,
601 3517 698 3588 potuit
720 3530 840 3584 quoque
859 3510 961 3570 ludere
980 3515 1101 3570 tecum,

207 3605 279 3661 Non
299 3617 415 3663 certum
435 3617 479 3662 est
498 3609 560 3674 hoc
580 3618 610 3663 te
628 3625 720 3680 posse
737 3624 859 3661 manere
878 3613 965 3657 statu.

139 3697 248 3770 Finge,
267 3709 333 3755 tuas
349 3703 476 3755 volucer
494 3703 592 3756 veniat
608 3703 759 3765 Vulcanus
778 3702 806 3754 in
826 3700 925 3765 aedeS,

208 3793 248 3846 Et
267 3803 386 3862 centum
405 3795 552 3861 indomito
572 3795 668 3862 diruat
686 3795 752 3863 igne
770 3795 900 3848 domos:

139 3883 251 3955 Finge,
272 3896 337 3940 tuas
355 3905 490 3960 praeceps
512 3897 576 3941 ruat
595 3897 627 3940 ut
646 3887 805 3958 Neptunus
825 3887 854 3939 in
874 3898 980 3952 agree,

209 3970 359 4050 Spemque
375 3982 462 4050 anni,
483 3984 563 4050 laetas
583 3979 700 4048 dejiciat
717 3987 851 4048 segetes:
