2640 4634
218 387 289 458 252
536 383 608 454 Pro
634 405 698 454 ara
723 378 912 454 Coritiana-

322 583 485 652 Votum
517 604 602 678 pro
637 603 683 651 se
717 576 760 650 in
792 577 955 651 morbo
989 575 1135 672 pedis.
1237 596 1241 605 ·

259 733 345 809 Orbe
366 754 510 822 perarato
530 754 614 802 terra
634 739 738 802 omnia
756 761 864 818 passus
885 750 916 799 et
934 739 1045 812 undis,

208 850 210 856 ’
314 846 424 906 ·Nu'nc
443 843 535 904 etiam
547 852 676 922 raptum
695 850 782 920 peste
803 838 937 922 agitante
959 838 1090 918 pedem,

259 941 373 1007 Coritii
392 942 506 1023 pietate
525 964 609 1003 nova
628 942 784 1002 devolvor
803 941 842 1000 ad
866 961 959 1000 aram.

332 1045 401 1105 Hac
420 1043 504 1117 avia,
529 1045 586 1104 hac
606 1053 720 1116 mater,
747 1043 804 1103 hac
824 1040 880 1112 tibi
900 1052 970 1101 nata
988 1060 1101 1119 prece,

257 1145 307 1210 Da
324 1144 469 1205 morbum
488 1163 610 1204 cessare
631 1141 737 1221 pedis,
767 1142 806 1202 da
826 1140 925 1202 robur
945 1141 1138 1219 ademptum,

332 1244 383 1310 Sic
401 1264 562 1328 nunquam
579 1243 625 1306 his
645 1243 761 1317 desint,
781 1261 924 1325 caeraque
942 1242 1078 1325 thusque
1096 1239 1191 1302 fucis.

652 1431 788 1447 W

474 1565 566 1644 Pro
601 1590 680 1638 ara
716 1562 978 1638 Coritiana.
1011 1665 1021 1681 .

334 1726 465 1792 Certum
484 1739 531 1788 est
552 1726 667 1789 Coritii
686 1726 781 1807 patris
802 1731 963 1802 sacellum,

334 1829 432 1911 Quod
450 1827 557 1889 fecere
577 1828 627 1890 alii
646 1827 733 1906 prius
752 1832 872 1907 po'e'tae,

331 1931 408 1992 Non
426 1928 489 1990 libo
511 1931 633 2003 colere,
662 1939 715 1990 aut
733 1930 816 1990 mola
835 1930 970 2005 recenti,

333 2031 401 2092 Nec
422 2050 501 2090 caeso
522 2029 606 2090 bove
626 2028 752 2090 victima
770 2041 916 2105 cruenta,
981 2061 986 2070 ·
1024 2043 1027 2048 ’

333 2129 397 2190 Sed
416 2150 526 2204 versu,
555 2129 766 2211 ingenioque.
797 2132 1016 2210 qualecunque
1036 2129 1087 2204 id,

334 2230 384 2291 Da
403 2229 445 2288 mi
464 2247 550 2289 musa
571 2226 688 2308 aliquid
708 2249 849 2303 novum,
879 2229 993 2290 dedisti

335 2329 432 2411 Quod
451 2343 517 2388 non
536 2327 582 2390 his
602 2327 667 2388 aliis
686 2327 774 2407 prius
792 2329 906 2406 poetis.
952 2326 954 2331 ’

337 2427 512 2491 Consumta
531 2440 578 2488 est
597 2429 658 2502 ait,
687 2438 722 2488 ut
743 2427 818 2489 nihil
837 2428 991 2508 supersit,
1023 2439 1025 2447 ’

338 2528 448 2592 Omnis
469 2529 561 2609 eopia
580 2539 628 2590 tot
647 2527 734 2607 prius
753 2530 876 2609 portis,

334 2630 430 2694 Juvat
455 2650 505 2690 me
524 2640 642 2703 tamen,
674 2641 706 2688 et
724 2630 844 2691 iuvabit
863 2649 983 2711 usque,

335 2731 413 2808 Quae
436 2750 504 2789 sors
524 2751 650 2811 cunque
670 2731 745 2790 mihi
768 2731 823 2804 sit,
852 2728 1009 2808 experiri,

336 2826 493 2907 Quiddam
513 2829 552 2890 ad
576 2828 690 2892 Coritii
711 2829 807 2909 patris
827 2831 982 2891 sacellum.

523 3153 630 3226 Pro
682 3155 889 3226 eadem.

226 3319 314 3397 Quot
334 3337 367 3376 se
389 3335 464 3375 vere
485 3337 571 3377 novo
592 3317 772 3378 diffundunt
791 3318 930 3398 gramina
949 3316 1081 3396 campis,

302 3421 344 3478 Et
364 3428 443 3498 quot
461 3427 537 3476 tuuc
555 3418 669 3495 passim
688 3417 821 3478 floribus
843 3418 925 3479 albet
946 3419 1069 3478 humus.

226 3518 341 3579 Monte
361 3517 465 3595 Hybla
484 3526 562 3597 quot
581 3518 706 3579 aluntur
726 3539 814 3598 apes,
850 3529 932 3601 quot
948 3519 1060 3578 acerba
1078 3514 1207 3597 pruinas

301 3617 419 3678 Fundit
438 3617 557 3690 hiems,
589 3629 669 3699 quot
687 3619 780 3679 habet
800 3619 903 3680 sidera
921 3631 1060 3700 uterque
1078 3615 1192 3696 polus,

227 3720 316 3797 Quot
335 3717 438 3797 gravis
459 3728 625 3778 autumnus
645 3719 752 3781 dulces
772 3719 943 3781 vindemiat
961 3738 1059 3792 uvas,

303 3817 391 3878 Sicca
412 3807 528 3898 quote
549 3817 667 3878 Libicis
687 3840 783 3900 grana
802 3831 949 3880 teruntur
967 3816 1067 3896 agris,

229 3921 315 4000 Quot
333 3917 417 3978 sotiis
436 3939 516 4000 vaga
536 3918 612 3979 silva
632 3919 736 3995 viret,
766 3921 855 4002 quod
874 3919 958 3979 sidus
977 3915 1110 3978 inundat

302 4017 466 4080 Pleiadum
484 4018 598 4101 gattis,
628 4031 708 4104 quot
728 4019 819 4085 foret
838 4020 895 4082 Ida
913 4017 1013 4093 feras,
1062 4039 1073 4066 ι
