2670 4628
198 365 262 441 ne
404 445 409 458 x
466 361 522 437 aa
545 361 717 434 Maxima.
744 319 929 440 eaesarem

192 557 240 615 Ad
257 556 330 610 fines
347 555 487 610 America
504 565 591 625 tuos,
612 574 727 628 quaque
747 560 855 614 arduus
877 560 973 630 Atlas,

263 651 328 704 Alta
347 649 496 720 pruinosis
515 650 611 704 sidera
629 651 687 704 fert
708 652 859 717 humeris,

195 743 347 818 Quantum
365 752 408 796 est
427 761 443 797 a
460 742 562 811 gelidis
581 752 696 814 septem
714 745 835 812 regione
856 746 986 800 trionum

261 834 419 902 Partibus,
447 837 482 888 ad
500 836 599 906 pluvio
620 853 709 904 regna
727 839 848 892 subacta
866 839 971 906 Noto,

192 929 373 1006 Quanquam
399 931 436 984 ita
460 947 522 985 non
546 931 676 997 habeas,
705 929 801 983 totum
824 941 853 984 te
879 941 992 1002 spectat
1017 935 1057 995 ab
1076 949 1185 1004 unum,

264 1021 413 1097 Quicquid
435 1024 510 1078 inest
529 1024 635 1091 terris,
664 1022 720 1076 sub
738 1034 786 1077 tua
805 1035 922 1095 sceptra
944 1026 1030 1081 cadit.

194 1114 303 1171 Omnia
321 1125 456 1185 cumltua
474 1117 551 1184 sint,
583 1126 660 1171 etse
679 1117 731 1170 tibi
750 1118 856 1172 debeat
876 1117 977 1186 orbis,

262 1209 338 1262 Cum
357 1209 472 1262 subsint
490 1227 601 1278 regno,
630 1221 709 1263 terra
728 1211 896 1280 fretumque
914 1221 985 1284 tuo,
1025 1196 1030 1202 ¹

195 1300 330 1372 Cumque
349 1303 420 1355 nihil
440 1319 541 1354 rerum
559 1312 588 1354 te
606 1300 644 1355 sit
662 1303 817 1356 sublimius
839 1322 899 1358 uuo
910 1345 919 1375 ,

263 1393 343 1467 Quid
361 1394 467 1462 pateris
489 1393 570 1445 cives
588 1401 617 1445 to
635 1393 748 1447 violare
773 1401 862 1454 tuos?

194 1485 264 1543 Jam
282 1486 427 1555 populosa
446 1494 526 1538 tuam
544 1485 678 1554 sequitur
696 1487 857 1543 Germania
875 1493 1008 1564 laudem,

262 1577 312 1637 Tu
334 1578 425 1632 modo
445 1577 515 1647 quid
527 1577 654 1645 jubam,
680 1581 798 1635 sortiter
819 1583 866 1639 illa
884 1597 976 1652 geret.

193 1667 265 1733 Non
285 1679 350 1742 eget
369 1671 538 1736 admonitu,
568 1672 649 1741 eupit
667 1672 731 1740 ire,
761 1691 795 1729 ac
815 1687 922 1745 sponte
940 1679 1056 1737 laborat

262 1768 402 1836 Ulcisce,
429 1777 456 1821 et
474 1765 576 1822 laudes
595 1766 787 1820 accumulare
806 1776 881 1823 tuas.

99 1877 100 1881 ’
196 1864 286 1922 Sentit
313 1863 391 1917 enim
415 1861 568 1928 Venetos,
604 1862 671 1932 plus
698 1877 786 1930 quam
812 1862 898 1915 decet
921 1881 1004 1932 esse,
1038 1870 1206 1952 superbos,

263 1955 310 2009 Te
329 1956 394 2027 plus
416 1955 615 2021 clementem,
645 1970 733 2023 quam
751 1954 846 2006 decor
866 1956 919 2008 iste
940 1958 1025 2012 ferat.

194 2047 307 2103 Verum
322 2055 388 2113 sest,
417 2047 497 2100 nulla
515 2048 592 2100 salus
611 2045 692 2100 bello
713 2055 775 2114 est,
802 2049 928 2119 pacique
950 2051 1143 2123 studendum,

262 2139 395 2194 Eventus
415 2137 494 2194 dubii
517 2155 669 2208 caecaque
693 2139 758 2193 diva
776 2153 909 2195 monent.

195 2232 339 2288 Hostibus
357 2232 423 2284 haec
441 2232 597 2283 metuenda
617 2232 693 2299 tuis,
723 2232 747 2285 si
765 2235 885 2286 numina
904 2237 980 2289 eoelo

265 2325 355 2394 Sunt,
384 2323 492 2394 quibus
516 2322 707 2377 bochellum
727 2326 853 2396 suscipis
872 2327 1052 2397 auspicibus.
1079 2340 1082 2351 '

197 2418 292 2473 Causa
310 2417 390 2471 bona
409 2426 473 2481 est,
502 2417 627 2486 sumptis
648 2415 809 2471 admissum
827 2420 981 2474 ulcisceris
1001 2422 1092 2475 armis

263 2512 427 2576 Dedecus,
452 2508 482 2561 hi
501 2509 578 2565 lasis
598 2521 626 2564 te
646 2511 758 2580 petiere
777 2512 862 2566 Deis

195 2605 300 2673 Arguit
316 2604 374 2657 hos
393 2602 542 2657 scelerum
562 2605 717 2670 cumulus,
748 2613 795 2660 tua
815 2621 902 2659 causa
919 2605 1059 2659 Deorum
1078 2616 1141 2674 est,

264 2697 332 2752 Neo
351 2697 442 2765 magis
460 2696 527 2750 haec
543 2705 646 2750 nostra
666 2704 710 2749 est
730 2697 822 2766 ultio,
847 2715 935 2766 quam
954 2715 1109 2769 superum«

198 2790 273 2863 Quae
292 2806 376 2843 mora
395 2790 563 2844 ducendum
583 2798 627 2842 est
644 2787 764 2842 dilatum
782 2797 918 2857 tempore
936 2789 1060 2857 bellum,

265 2883 320 2937 Hic
337 2893 365 2936 te
385 2882 564 2936 clementem
582 2880 726 2933 terminus
746 2896 812 2934 esse
831 2889 918 2935 vetat.

197 2975 296 3032 Julius
313 2975 359 3030 his
377 2991 483 3045 pacem
501 2972 601 3040 dedit,
629 2981 658 3025 et
682 2972 765 3026 socia
783 2973 897 3040 agmina
915 2973 1029 3042 iunxit,
1126 2982 1128 2987 ’

264 3068 304 3123 Et
320 3077 369 3122 tua
388 3067 533 3122 subducta
556 3082 629 3137 paee
650 3064 755 3119 fefellit
773 3082 842 3136 ope.

197 3161 339 3219 Junxerit
359 3170 386 3214 et
405 3159 535 3227 dederit,
562 3160 614 3214 aed
633 3167 665 3211 tu
682 3158 849 3226 mirabere,
877 3159 974 3214 foedus

268 3253 327 3328 Qui
345 3254 438 3307 tenuit
455 3252 546 3320 nulli,
571 3268 634 3307 non
652 3253 782 3308 tenuisse
806 3254 881 3310 tibi?

199 3349 247 3403 Sic
264 3346 316 3401 tibi
336 3346 456 3400 fallaces
474 3346 620 3413 Ligures,
647 3344 691 3397 sic
709 3344 805 3400 Janua
823 3358 893 3403 nota
913 3349 982 3404 esti

267 3438 435 3509 Italicaeque
456 3450 553 3504 artos,
577 3437 812 3508 pontificumque
837 3440 933 3495 fides?

199 3529 322 3593 Ducent
347 3532 458 3585 auxilio
475 3531 594 3584 Turcas
613 3530 642 3586 in
663 3530 783 3601 proelia,
814 3535 938 3602 ducant,

267 3625 418 3700 Quicquid
436 3622 548 3677 habent
564 3624 661 3690 Asiae,
688 3624 818 3680 Thracia
838 3628 978 3698 quicquid
996 3628 1099 3685 habete

203 3719 285 3795 Quas
304 3720 462 3774 Suithanus
483 3729 556 3788 opes
567 3753 576 3783 ,
600 3732 658 3775 uua
678 3724 722 3771 est
740 3718 901 3775 Germania
921 3730 1042 3789 contra,

268 3813 307 3869 Et
326 3812 349 3866 si
367 3822 398 3866 tu
416 3825 561 3876 moveas,
591 3810 697 3865 sufficit
714 3828 770 3864 una
789 3813 852 3866 tibi.

202 3905 333 3978 Imperet
352 3905 379 3957 iu
403 3903 520 3974 populis
542 3900 639 3970 Asiae,
667 3906 871 3974 Phrygiasque
888 3914 943 3975 p'er
959 3905 1067 3972 urbeS,
1091 3938 1096 3948 ·

272 3991 400 4058 Horrida
422 3995 563 4054 terribilis
587 4007 708 4071 sceptra
725 3998 913 4056 Odomantis
934 4014 1032 4073 agens.
