2640 4634
60 282 80 419 l

267 364 333 454 tat
457 433 460 439 ,
531 361 587 454 Ad
611 361 781 437 Maximil.
809 363 992 434 Caesarem

230 561 232 566 '
263 555 363 621 Crevit
383 559 481 626 enim,
505 559 645 629 viresque
664 557 770 610 iterum
788 564 869 609 tenet
887 555 976 622 Adria
996 571 1128 624 summae

326 650 365 702 Et
383 667 415 704 se
435 651 541 710 victori
566 650 705 719 surripuit
722 649 832 716 Liguri.

258 738 327 796 Non
354 760 556 798 aerumnosum
576 745 717 813 piscando
736 759 868 812 quarere
886 743 1015 812 victum²

329 837 397 889 ton
417 818 492 889 ultra
512 837 624 890 laceras
644 836 728 889 anxia
750 835 862 889 habere
882 830 975 904 casati

257 924 422 996 Imperiosa
444 929 535 995 mari,
562 930 679 982 fortuna
699 929 770 981 elata
788 928 935 994 secunda,

324 1019 363 1074 Et
380 1021 535 1091 plusquam
556 1020 685 1074 brevitas
705 1021 848 1091 temporis
872 1021 925 1074 ista
943 1020 1019 1076 sinit.

257 1107 350 1169 Vince
368 1121 485 1179 tamen,
510 1123 699 1184 coeptumque
718 1113 825 1180 armis,
849 1122 990 1183 tantoque
1014 1120 1115 1182 paratu
1123 1154 1134 1182 ,

325 1204 515 1276 Prosequere
533 1206 593 1258 hoe
611 1207 723 1259 bellum
740 1206 853 1259 viribus
873 1221 927 1258 use
944 1205 1011 1259 tuis.

257 1296 337 1369 Saepe
356 1298 437 1367 quod
455 1299 483 1350 in
502 1314 651 1353 summum
671 1299 818 1365 aseendit,
844 1299 1015 1369 multosque
1032 1313 1087 1367 per
1105 1308 1200 1362 annea

324 1391 441 1454 Crevit,
468 1390 496 1440 in
515 1406 657 1443 occasum
680 1390 799 1459 dispulit
814 1407 872 1442 uua
890 1390 963 1445 dieS.

257 1481 389 1556 Quodsi
409 1485 510 1536 Marte
529 1491 580 1536 tue
600 1482 769 1551 respublica
790 1482 928 1537 eoncidet
948 1481 1013 1550 illa,

302 1637 306 1651 .
324 1572 397 1643 Quae
416 1589 464 1625 res
482 1589 561 1627 nune
580 1583 659 1629 tanto
679 1583 773 1644 eoepta
791 1574 895 1627 labere
915 1575 967 1632 tibi
986 1583 1048 1644 est,

176 1721 180 1741 Ι
244 1663 339 1732 ‘Signa
358 1665 401 1717 sui
421 1666 500 1723 elate
519 1666 597 1733 dabit
614 1666 664 1720 hie
684 1667 803 1732 fortuna
824 1668 953 1734 faveris,

323 1757 396 1830 Quae
415 1757 438 1809 si
458 1758 526 1827 quid
544 1759 658 1824 voluit,
687 1758 793 1828 datque
813 1760 946 1829 rapitque
966 1760 1037 1816 cite.

253 1849 311 1914 Vix
328 1851 382 1916 tria
403 1851 472 1904 dum
491 1851 635 1909 venetum
654 1851 768 1907 duravit
787 1852 895 1905 saecula
913 1869 1055 1919 regnum,

321 1941 360 1997 Et
378 1951 475 1997 tamen
493 1943 550 2000 hae
570 1943 667 1996 visum
686 1953 731 1996 est
751 1944 877 2013 amplius
894 1942 969 1996 urbe
987 1944 1072 2011 nihilq

252 2034 348 2102 Atque
368 2035 440 2090 adeo
460 2036 579 2091 armarit
597 2051 650 2092 sua
667 2045 700 2088 ut
716 2037 794 2091 hane
811 2036 970 2106 petulantia
988 2044 1094 2100 eontra

320 2125 485 2184 Germanas
504 2127 582 2180 vires
603 2128 833 2198 Caesareumque
854 2131 957 2190 decus·

251 2217 364 2284 Vince,
390 2221 526 2288 inquam,
552 2219 668 2286 Caesar,
699 2237 756 2280 nee
776 2229 805 2273 te
824 2223 942 2278 fortuna
960 2228 1118 2292 moretur,

319 2311 445 2376 Terreat
466 2321 530 2381 aut,
557 2312 641 2369 solos
663 2313 726 2368 visa
744 2313 827 2383 sequi
847 2314 996 2379 Venetos,

252 2406 325 2482 Quae
346 2407 398 2460 fuit
415 2406 464 2459 his
480 2408 625 2484 propior,
651 2407 754 2476 primis
773 2405 903 2474 favitque
921 2404 978 2458 sub
997 2404 1099 2471 enuiS,

318 2501 388 2559 Haeo
408 2501 510 2557 eadem
533 2516 622 2554 verso
641 2499 760 2557 cardine
780 2497 872 2555 tristis
892 2499 965 2565 erit,

250 2590 328 2670 Quid
349 2593 472 2660 metuis,
498 2609 536 2651 ue
555 2593 648 2663 qualis
670 2602 750 2659 erat,
777 2607 845 2647 sors
865 2589 1128 2660 praetermittis,

315 2686 362 2738 An
381 2686 481 2741 nescis
502 2685 597 2738 varias
615 2685 707 2740 rebus
726 2686 824 2737 inesse
843 2683 950 2739 vices?

248 2776 277 2828 Si
297 2777 454 2846 quicquam
476 2779 597 2836 istarum
616 2779 711 2847 potuit
733 2795 766 2832 se
785 2778 931 2847 extollere
951 2793 1071 2851 rerum„

315 2868 391 2934 Illud
409 2869 487 2925 idem
509 2886 579 2924 casu
597 2870 842 2938 temporibusque
862 2853 937 2927 ruet.

246 2959 365 3030 Inspice
382 2969 426 3021 tet
444 2962 545 3015 mundi
564 2961 753 3027 discrimina,
781 2971 809 3014 et
832 2961 948 3031 inspice
966 2976 1069 3028 casua,

315 3053 422 3108 Omnia
442 3065 544 3108 nostra
562 3071 633 3122 vaga
650 3053 815 3109 mobilitate
832 3055 941 3109 labant.

196 3127 200 3136 ¹
247 3144 396 3219 Quicquid
414 3146 525 3204 habent
542 3147 700 3213 immittere,
729 3147 863 3216 rapidum
882 3155 1019 3205 versatur
1037 3145 1073 3200 ed
1096 3160 1183 3223 axem

312 3238 351 3293 Et
368 3256 422 3308 per
440 3238 597 3308 inaequales
616 3239 696 3308 itque
716 3239 849 3309 reditque
869 3248 960 3296 retas.

244 3331 310 3400 Ipsa
330 3332 438 3386 sedens
456 3331 554 3392 medio
574 3331 673 3389 radios
692 3333 864 3391 moderatur
884 3333 920 3386 ab
940 3347 995 3385 axe
1006 3369 1016 3396 ,

311 3421 460 3487 Fortuna,
489 3430 517 3474 et
536 3431 647 3475 tantum
666 3424 767 3482 sedula
785 3433 883 3480 versat
901 3438 987 3492 opua.

244 3515 323 3586 Stant
344 3514 501 3578 homines,
516 3514 699 3586 eircumque
720 3516 781 3571 suis
800 3516 867 3572 data
890 3511 1156 3585 temperaremus,

312 3605 420 3662 Omnia
439 3606 611 3660 foemineum
630 3607 705 3661 flexa
723 3607 779 3660 sub
801 3608 967 3668 arbitrium.
1289 3676 1294 3691 Ι

244 3697 302 3774 Qui
321 3699 414 3753 modo.
437 3715 572 3756 summus
592 3708 671 3764 erat,
697 3701 745 3756 rel
764 3701 814 3770 qui
831 3702 926 3757 modo!
943 3697 1101 3770 proximus
1120 3694 1184 3761 illi„
1261 3717 1275 3757 ι’

311 3791 387 3843 Cum
407 3792 487 3844 volet
504 3792 587 3855 haec,
616 3791 681 3857 agili
702 3810 815 3862 pronus
835 3794 871 3849 ab
890 3811 945 3850 axe
967 3792 1061 3847 cadet.
1265 3784 1268 3811 ³

243 3881 317 3959 Quae
336 3882 422 3950 paulo
446 3891 511 3938 ante
532 3883 627 3940 oeulis
648 3901 718 3938 cum
734 3895 762 3937 te
783 3895 933 3956 spectaret
952 3884 1081 3954 iniquit,

310 3976 434 4030 Iniustas
454 3978 574 4031 Venetae
593 3975 710 4036 sustulit
728 3979 811 4036 urbis
832 3995 915 4049 opes.

178 1892 213 1943 ὓ
