2640 4634
520 348 778 453 Panegyricus.

145 547 287 614 Sanguine
307 544 485 598 commixtas
504 543 597 609 ltalo,
618 542 780 596 sualibera
800 561 900 613 regna.

142 639 343 710 Ereptamquc
358 639 431 706 jugo
450 637 583 707 patriam.
621 635 680 708 Qui
700 636 812 689 vertice
832 637 930 690 crines

142 732 249 800 Ejicit,
268 741 295 784 et
313 739 394 784 secat
412 747 507 797 ungue
525 745 632 797 genas,
651 728 840 799 frontemque
859 736 1003 798 caputque

87 861 89 865 ν
143 824 259 880 Pariete
281 822 443 889 collidens,
464 823 648 891 clamatque,
669 838 686 873 ο
707 821 795 875 redde
814 832 985 892 peremptas

143 917 220 970 Vare
238 933 359 982 manus,
379 924 407 968 et
424 915 504 983 signa
523 915 633 981 reduc,
652 913 813 983 vigilesque
833 931 887 985 per
905 912 1012 966 urbem

141 1009 303 1078 Disponit,
321 1009 436 1077 majore
455 1017 535 1060 metu
546 1038 554 1074 ,·
574 1024 662 1077 quam
682 1006 803 1075 contigit
820 1021 960 1075 unquam.

142 1102 230 1155 Hune
247 1110 336 1154 vocat
354 1103 519 1170 Augustum
539 1116 591 1153 sua
609 1100 728 1165 Roma,
752 1108 924 1169 patremque
945 1105 1082 1168 receptae¹

140 1194 257 1263 Apellat
274 1195 392 1263 patriae,
412 1193 461 1264 qui
480 1193 573 1263 sparsi
593 1193 621 1244 in
639 1191 791 1245 montibus
810 1200 930 1258 errant,

141 1286 290 1339 Ausonias
308 1287 437 1357 populati
457 1285 549 1339 urbes
560 1326 569 1352 ,
586 1286 773 1355 praedamque
795 1287 942 1350 ferentes,

141 1378 283 1444 Norieae,
303 1379 465 1448 Rhetaeque
483 1395 605 1445 manus,
625 1378 749 1448 durique
768 1387 915 1431 vocantur

141 1471 300 1538 Algiones,
324 1472 373 1542 qui
392 1472 495 1525 deinde
517 1479 606 1524 ruunt
622 1479 739 1524 terrore
758 1487 918 1540 supremo,

140 1563 180 1616 Et
199 1564 323 1616 flammis
342 1566 485 1634 ferroque
503 1564 580 1616 viam
590 1603 599 1629 ,
621 1581 674 1632 per
692 1581 798 1631 regna,
816 1580 870 1631 per
889 1563 998 1630 urbes,

140 1654 295 1720 Effieiunt,
315 1654 474 1710 Germanae
495 1655 590 1721 acies,
610 1655 759 1707 exereitus
779 1656 902 1707 Hunuus
971 1632 985 1651 ἡ

141 1747 229 1800 Attila
249 1748 310 1798 dux
329 1747 430 1814 iugens
448 1746 570 1801 bellum.
609 1746 678 1818 Quo
697 1755 833 1816 tempore
852 1745 980 1814 primum

142 1840 308 1906 Conjuneta
329 1848 373 1891 est
391 1838 534 1907 Scythicae
554 1855 671 1907 pugnax
690 1838 851 1893 Germania
867 1839 958 1906 genti.

139 1931 212 1984 Non
230 1932 336 2000 procul
354 1931 424 1984 hinc
443 1939 539 1983 autem
557 1930 676 1986 Gothus
695 1930 793 1998 instat,
814 1941 841 1984 et
860 1933 988 2002 optimus
1006 1931 1098 1984 armis
1184 2002 1189 2010 x

140 2025 305 2091 Vandalus,
325 2025 371 2078 his
390 2024 492 2078 Heruli
506 2025 633 2093 jungunt
651 2025 733 2079 socia
754 2025 884 2093 agmina,
905 2024 991 2077 mittit

142 2119 255 2170 Suevus
276 2135 383 2187 opem,
402 2127 434 2170 tu
452 2118 550 2173 Roma
569 2117 655 2170 novis
673 2118 860 2188 populatibus
878 2117 946 2170 urbi

142 2211 247 2263 Clausa
266 2212 371 2276 times,
393 2211 467 2280 rapit
485 2210 581 2263 hostis
601 2227 704 2278 agros,
722 2221 898 2281 turresque,
918 2211 1094 2280 domusque.

140 2305 233 2359 Ferro
254 2307 382 2376 aperitur
400 2304 471 2371 iter,
490 2304 614 2357 llammis
633 2320 699 2357 sese
718 2304 816 2357 omnia
834 2304 970 2356 miscent.

141 2399 211 2451 Haec
233 2400 327 2451 Roma
345 2407 406 2464 est,
426 2398 510 2465 cujus
524 2399 595 2468 quis
613 2415 683 2449 vera
701 2396 834 2449 incendia
854 2396 950 2448 dieat?

140 2490 178 2545 Et
196 2507 266 2541 vere
285 2489 423 2546 Gothicis
444 2489 572 2541 insessas
590 2487 729 2541 hostibus
748 2503 843 2539 arces.

110 2644 114 2650 .
140 2583 303 2635 Finxerunt
321 2581 457 2650 nymphae
476 2580 542 2632 viva
561 2579 679 2644 omnia,
699 2579 800 2630 fallere
819 2578 900 2630 visus

140 2675 345 2742 intentamque
364 2671 458 2724 aciem
477 2671 605 2741 poterit,
625 2671 673 2739 qui
694 2670 827 2741 praecipit
844 2669 945 2737 ignes,

139 2766 222 2820 Urbe
240 2782 312 2834 vaga
331 2764 463 2830 Totilas,
484 2781 548 2834 quae
567 2762 674 2816 dehinc
691 2779 769 2816 nova
787 2778 908 2830 surgere
926 2761 1004 2815 bella

140 2858 348 2928 Nympharum
367 2866 484 2912 textura
503 2857 615 2911 docet?
633 2857 712 2926 proh
728 2855 846 2926 Jupiter
865 2855 966 2922 ingens

141 2950 263 3016 Gloria,
283 2951 412 3004 Francus
434 2966 545 3020 eques,
564 2951 636 3002 dura
656 2947 788 3017 agmina,
805 2957 886 3002 mota
905 2955 1043 3018 repente,

139 3042 338 3110 Pipinumque
355 3058 458 3109 genus.
493 3041 554 3095 Die
573 3059 651 3094 nunc
670 3040 849 3111 Germania,
872 3040 937 3111 quis
957 3048 985 3093 te

140 3134 234 3185 Altius
254 3133 412 3187 extulerit?
432 3134 550 3200 longam
569 3134 627 3185 fert
646 3133 772 3186 Carolus
790 3133 922 3198 hastam,

141 3226 381 3294 llorrentcmque
399 3225 477 3279 notis
496 3225 654 3295 clypeum,
678 3225 737 3277 fert
755 3224 890 3279 cominus
910 3239 1033 3291 ensem,

141 3317 383 3387 Terribilemque
402 3316 503 3387 implet
519 3318 650 3385 galeam,
670 3317 827 3387 procerius
846 3316 899 3369 illo

141 3411 279 3479 Corpore
297 3426 358 3461 non
378 3410 453 3463 aliud
464 3450 473 3477 ,
491 3419 555 3464 toto
573 3428 633 3463 non
652 3409 765 3477 agmine
784 3410 899 3478 majus,
957 3408 959 3412 ⁴

140 3500 259 3556 Viribus
279 3510 326 3554 aut
345 3500 424 3556 bello
443 3502 548 3557 melius
558 3541 569 3570 ‚
587 3502 752 3572 Gallosque
770 3502 1011 3572 Britannosque,

142 3596 312 3665 italiamque
331 3595 449 3662 domat,
468 3596 583 3648 Siculos
603 3594 695 3664 rapit,
714 3593 802 3647 hoste
818 3596 923 3663 ⁸fugato

140 3688 263 3741 Liberat
278 3687 425 3757 Hispanos
435 3727 444 3754 ,
462 3696 558 3740 totum
576 3704 658 3740 mare
677 3686 824 3757 puppibus
844 3687 944 3741 ambit.

140 3781 290 3834 Mirantur
309 3779 472 3846 Grajorum
490 3779 599 3846 urbes,
617 3789 645 3833 te
664 3780 766 3833 Turea
783 3788 940 3851 paventem

141 3872 279 3926 Attonitae
297 3872 398 3926 videre
416 3872 514 3940 Asiae,
533 3873 602 3925 dant
619 3872 714 3942 ampla
732 3872 884 3943 Tyranni,

141 3966 202 4020 Dat
219 3966 314 4039 spolia
331 3967 503 4038 Aegyptus,
526 3964 651 4021 Pharios
672 3965 740 4019 dare
758 3981 881 4019 munera
902 3978 986 4034 reges
