2640 4634
255 421 320 498 190
430 482 435 495 ,
608 409 893 510 Epigrammata.

160 644 163 649 ,
252 599 466 672 Omnia'dant
493 625 600 678 casus,
627 603 848 684 adimuntque,
880 599 923 661 ita
950 600 1085 661 vertitur
1110 597 1217 674 ordo,

327 707 360 768 Si
377 718 482 767 tamen
502 715 550 765 est
569 705 669 780 ordo,
700 713 813 765 cuncta
831 701 915 784 regit
934 711 1064 762 temere.

249 808 328 870 vidi
346 827 408 888 ego
428 815 596 886 regnantes
617 805 779 879 Venetos,
810 802 995 888 servireque
1016 798 1097 874 vidi,

325 905 544 986 sublimesque
563 903 678 966 iterum
696 903 780 979 vidi,
807 904 988 985 iterumque
1007 901 1157 975 humiles,

249 1010 389 1071 Parvum
409 1007 490 1066 intra
509 1004 660 1085 spatium,
687 1025 748 1066 nec
767 1007 883 1067 multos
902 1002 1053 1083 temporis
1073 1024 1196 1077 asinos,

324 1109 433 1190 Usque
454 1105 534 1166 adeo
556 1105 656 1169 variat
680 1125 766 1182 sors,
797 1103 961 1186 variatque
980 1101 1054 1162 cito.

687 1324 827 1341 unna—-

332 1500 468 1593 Quod
504 1497 713 1575 fortuita
748 1499 898 1572 facile
931 1510 1188 1574 mutentur.

228 1671 339 1732 ¹Aeris
366 1682 439 1751 eget
460 1668 584 1746 Caesar,
615 1681 813 1732 numeratum
837 1667 980 1749 possidet
1000 1688 1110 1730 aurum

323 1771 447 1845 Gallus,
476 1783 507 1833 et
527 1783 574 1832 est
594 1791 673 1832 auro
694 1771 808 1833 florida
828 1788 879 1831 res
900 1770 1075 1843 venetum,

244 1870 399 1932 Hostibus
419 1869 504 1930 addit
525 1890 602 1950 opes
626 1882 715 1933 motu
737 1871 869 1932 fortuna
889 1869 1041 1930 secund0.

320 1968 480 2030 Virtutem
505 1969 597 2032 nobis
622 1971 706 2031 cedit
732 1983 764 2031 et
786 1990 871 2030 arma
894 1970 993 2048 Deus.

244 2069 310 2129 Stat
335 2067 523 2150 quisquam,
550 2079 584 2129 et
609 2088 683 2130 casu
707 2077 845 2131 mentem
869 2069 980 2150 defigit
1005 2050 1048 2129 in¹
1064 2067 1135 2140 illo,

320 2169 479 2226 Eventum
498 2166 601 2228 dubiae
624 2188 719 2229 nosse
741 2172 892 2253 cupitque
912 2170 969 2255 rei.

244 2267 285 2326 Et
304 2266 380 2326 dum
400 2264 534 2348 Sidonio
555 2265 661 2328 Gallos
680 2268 810 2330 miratur
828 2269 862 2331 in
887 2281 992 2343 ostro,

319 2367 361 2425 Et
381 2365 479 2443 'l'yria
497 2366 641 2427 Venetos
664 2369 783 2431 murice
805 2370 894 2431 obire
919 2368 1024 2441 ridet,
1110 2387 1115 2400 ·

243 2466 389 2546 Paupere
410 2462 561 2527 eolalinuo
582 2487 669 2546 spem
688 2480 786 2531 totam
806 2492 824 2530 a
844 2469 967 2532 Caesare
995 2469 1132 2538 ducens,

320 2565 385 2625 Sub
405 2565 539 2626 dominis
561 2566 650 2631 Gallo
670 2568 733 2631 sert
752 2571 950 2653 Venetisque
975 2568 1101 2649 iugum,

244 2668 336 2746 Quos
347 2662 414 2757 ubi
430 2666 584 2727 coritundi
603 2670 718 2730 nostris
739 2692 862 2732 rursum
884 2669 992 2750 aspicit
1011 2665 1119 2738 armis,

320 2756 513 2849 'dfflnnicas
533 2753 649 2827 iteruin
668 2790 787 2849 pronus
808 2772 920 2830 adorat
941 2787 1034 2846 opes,
1083 2762 1086 2767 “

243 2852 568 2942 Nimium-sapiens,
598 2881 675 2928 'narn
704 2869 792 2950 quod
818 2868 946 2928 fortuna
973 2867 1040 2940 dat,
1075 2860 1198 2938 aufert,

320 2964 394 3023 Non
419 2963 539 3026 hisdem
565 2964 686 3027 uicibus
715 2952 831 3050 datque
858 2965 1030 3049 adimitque
1056 2965 1155 3028 Deus.

591 3360 666 3436 De
706 3361 915 3438 Eadem.

146 3575 148 3578 -
245 3530 349 3609 Quem
368 3528 498 3592 dederat
515 3529 645 3593 fortium
664 3534 799 3613 apicem,
829 3535 855 3594 si
875 3531 1002 3615 quando
1022 3526 1161 3602 revellit,

319 3629 394 3690 Non
411 3630 471 3692 sibi
490 3632 692 3710 praestandam
712 3645 891 3695 commonet
912 3652 980 3692 esse
1000 3631 1105 3692 fidem.

244 3726 325 3788 Sturt
352 3729 431 3789 hane
455 3749 558 3813 usque
586 3741 708 3806 lamen,
743 3734 799 3816 qui
825 3733 1038 3804 demirentur,
1072 3739 1104 3788 et
1131 3735 1264 3810 omnem

319 3827 357 3888 In
382 3843 478 3917 ebera
502 3842 620 3912 ponant
647 3849 734 3908 spem
759 3833 908 3916 variaque
934 3831 1003 3893 dea.
1158 3843 1160 3846 ’

682 3965 821 3992 unu-uht—
