2670 4628
481 422 792 527 Epigrammetum
815 440 917 517 liber.
1139 463 1205 541 167

191 627 259 668 non
273 607 356 672 bene
377 630 538 678 noverunt
554 631 601 697 te,
623 625 684 706 qni
698 627 760 690 hoc
776 631 893 716 aliquid
909 638 1030 705 referre
1047 645 1203 715 existima.

187 705 273 769 bant.
325 713 421 790 Quod
448 727 610 802 utcunque
641 724 771 792 aestimes
798 754 865 794 non
890 740 1089 820 magnifacio,
1133 751 1203 816 Jam

187 806 249 868 alio
282 809 365 873 enim
394 833 510 892 opere,
550 831 582 881 et
611 824 710 906 magis
746 846 892 896 accurato
911 836 976 901 illo
1007 842 1109 920 sorte,
1141 849 1203 914 tuis

189 928 361 974 occurrere
383 913 555 981 'virtutibus
584 922 722 989 decrevi.
767 931 891 997 Interea
918 938 980 1000 hoc
1004 942 1101 1020 habe,
1133 969 1203 1031 qua

187 1008 215 1073 si
242 1032 308 1072 non
334 1015 504 1081 admodum
527 1024 662 1100 probes,
688 1028 772 1111 legas
798 1043 917 1112 tamen,
950 1050 1091 1106 autnon
1115 1047 1201 1130 legas

164 1111 298 1206 getiam,
319 1117 567 1184 saltemhabeas.
606 1126 685 1188 Sunt
700 1130 932 1213 Epigrammata
943 1139 1048 1216 varie,
1068 1143 1201 1211 diversis

181 1211 262 1298 locis
289 1234 324 1275 ac
354 1219 548 1295 temporibus
574 1222 614 1286 in
639 1237 707 1290 tuas
735 1232 854 1295 scilicet
887 1235 1053 1317 victorias,
1084 1256 1137 1305 aut
1164 1256 1201 1310 ut

144 1304 148 1313 ’
187 1317 341 1398 quodque
363 1318 523 1399 objectum
542 1337 607 1402 est,
637 1331 725 1410 quod
749 1337 800 1396 vel
818 1334 887 1414 ipse
907 1336 990 1414 vidi,
1014 1342 1201 1424 quibusdam

185 1415 269 1478 enim
301 1417 445 1497 interlui,
483 1426 535 1486 vel
559 1426 693 1492 aliorum
720 1435 873 1499 relatione
902 1451 1025 1520 gestum
1051 1446 1201 1525 cognovi.

188 1519 291 1597 Quam
310 1542 393 1596 rem,
427 1523 454 1584 si
480 1529 653 1591 accuratius
681 1535 785 1611 paullo
811 1537 987 1601 retulissem
1010 1539 1042 1602 in
1066 1543 1199 1621 litteras,

181 1630 387 1680 contemnere
400 1642 494 1684 nemo
507 1627 629 1704 potuit,
648 1652 733 1690 nunc
752 1632 840 1696 istam
860 1635 893 1696 in
913 1638 1026 1702 dubios
1048 1657 1198 1722 eventus,

166 1729 213 1778 *et
233 1719 379 1801 nrnbigna
399 1733 502 1794 sorte,
535 1727 634 1788 aleam
651 1727 752 1806 jacie,
782 1755 841 1810 pro
863 1746 894 1794 te
914 1735 1037 1801 interim
1058 1764 1197 1820 vovens,

183 1831 219 1879 ut
236 1819 409 1883 diutissime
428 1821 520 1884 nobis
538 1823 689 1905 imperes,
712 1841 742 1891 et
760 1824 927 1896 incolumis
948 1837 1113 1915 persistas,
1136 1844 1199 1904 hoc

178 1920 292 1980 crebro
312 1923 445 1984 afferens
467 1929 538 1986 ἔικος
570 1930 644 1996 ἐπὶ.
684 1934 803 2012 κορύνης
829 1939 865 1995 ἔνι
893 1934 990 1998 cirratis
1019 1942 1104 2014 ἄρξαι
1136 1944 1200 2024 παρ’

178 2019 240 2092 aifatu
260 2024 307 2081 uir
329 2020 503 2086 δικαιότατον
524 2029 661 2113 ἄρχοντα·
700 2035 767 2095 Nec
792 2046 826 2096 tu
853 2058 942 2100 secus
971 2041 1010 2101 de
1033 2041 1200 2107 Gennanla
1257 2115 1261 2124 Ι

181 2122 296 2185 videris
329 2149 398 2188 csse
429 2129 569 2194 meritus.
624 2136 701 2214 (lure
729 2134 813 2197 enim
844 2136 924 2199 bella
952 2161 1018 2201 non
1050 2143 1196 2222 gessisti,

139 2268 142 2272 ·
182 2223 249 2285 sinc
268 2248 383 2308 magne
409 2242 519 2293 nostro
544 2233 729 2314 dispendio!
767 2236 971 2302 Inimicorum
999 2261 1096 2321 opera
1114 2247 1198 2309 ultus

175 2324 340 2402 inimicos,
362 2351 434 2391 cum
454 2333 510 2411 qui
528 2333 601 2394 hinc
619 2334 693 2396 inde
713 2339 819 2398 hostes
841 2350 963 2413 essent,
984 2362 1040 2402 cos
1061 2342 1198 2408 invicem

178 2410 409 2504 committeres,
439 2431 602 2507 videlicet,
634 2446 669 2495 ut
696 2448 727 2494 te
754 2437 917 2498 absumere
943 2439 998 2518 qui
1026 2444 1197 2504 contende-

174 2543 260 2603 rent,
290 2530 321 2589 hi
350 2552 383 2591 se
412 2530 489 2609 ipsi,
521 2543 552 2592 te
580 2545 757 2611 spectante,
785 2537 824 2594 ad
844 2535 1023 2597 incendium
1044 2538 1118 2598 illud
1139 2552 1195 2602 tuo

173 2635 250 2694 flatu
271 2632 392 2704 alente,
422 2643 656 2692 consumerent.
696 2634 769 2711 Quo
790 2632 944 2711 consilio,¹
968 2636 1129 2697 Gallorum
1147 2638 1196 2699 in-

173 2731 342 2792 commodo
375 2729 521 2792 addixisti
547 2732 708 2806 Venetos,
742 2724 930 2813 rursumque
951 2733 1055 2795 Galles
1076 2738 1193 2798 Helve-

172 2832 308 2893 ticorum
336 2853 372 2892 ac
398 2831 623 2896 Britannorum
660 2853 757 2911 opera
788 2831 966 2917 perculisti,
988 2837 1121 2898 -nostris
1152 2840 1192 2900 ad

177 2932 282 2992 omnia
302 2932 440 3009 pericula
459 2933 615 2997 rarissime
635 2954 721 2995 usus
768 2933 947 2996 Prudenter
966 2956 1024 3014 per
1043 2936 1138 3010 deos,
1158 2950 1196 2998 ut

173 3031 223 3092 isti
246 3030 380 3104 scilicet,
412 3034 453 3092 de
479 3055 617 3114 quornm
641 3032 782 3114 potentia
810 3032 929 3114 aliquid
947 3033 1135 3110 suspicionis
1155 3037 1195 3096 ad

175 3141 206 3191 te
226 3129 415 3208 pertineret,
438 3131 741 3204 comminuerentur,
768 3151 826 3190 nos
847 3131 898 3190 hic
912 3131 951 3191 in
967 3131 1052 3192 omni
1072 3137 1193 3196 securi-

177 3241 240 3291 tate
261 3249 370 3308 pacem
388 3230 592 3303 haberemus,
623 3241 656 3290 et
682 3231 770 3311 qnod
791 3228 929 3290 omnium
947 3228 1044 3290 vincit
1063 3227 1194 3292 admira·

174 3330 310 3403 tionem,
342 3340 461 3392 tantum
484 3331 616 3405 bellum,
648 3341 711 3391 tum
734 3348 849 3409 grave,
878 3339 939 3388 tam
963 3328 1187 3406 periculosum,

172 3454 213 3494 ne
243 3430 429 3494 sentiremus
464 3431 602 3513 quidem.
667 3429 752 3510 Quid
791 3428 891 3490 illud?
931 3427 1097 3503 militibus,
1136 3431 1193 3513 qui

172 3534 312 3594 Veronae
339 3529 372 3590 in
397 3530 543 3611 praesidio
571 3542 688 3604 erant„
711 3541 742 3589 et
768 3527 823 3610 qui
852 3528 980 3590 Brixam
1005 3529 1189 3604 tuebantur,

176 3633 222 3695 his
244 3633 386 3715 quinque
408 3634 477 3712 plus
502 3631 682 3705 mensibus,
715 3629 916 3690 Venetorum
940 3629 1092 3707 pecunia,
1128 3651 1192 3710 qua

170 3732 311 3794 inducias
332 3732 374 3793 illi
402 3733 456 3793 abs
483 3743 514 3792 te
539 3731 757 3801 redemerant,
784 3726 974 3807 stipendium
994 3729 1192 3790 adnumerari

170 3834 257 3912 qrrod
288 3832 450 3894 vidimus?
490 3833 563 3893 Hoc
589 3830 728 3910 primum
752 3841 783 3890 te
813 3828 985 3907 imperante
1010 3829 1093 3909 passi
1120 3839 1193 3889 sunt

154 3931 304 4003 ‘Veneti,
327 3945 359 3991 ut
378 3931 442 3993 suis
462 3931 576 4012 opibus
597 3941 713 3994 contra
731 3951 766 3993 se
782 3929 945 3991 militantes
964 3939 1192 4010 compararent.

167 4031 238 4110 Age
256 4050 356 4105 vero,
377 4052 394 4092 a
414 4051 479 4112 quo
502 4052 643 4116 unquam
670 4051 749 4114 rege
759 4076 769 4108 ,
792 4041 845 4092 ant
863 4026 1020 4110 principe,
1042 4050 1082 4093 eo
1102 4047 1191 4089 11101'0
