2640 4634
785 124 802 157 'cf

389 322 392 326 ⁸
478 337 525 410 ad
548 338 647 412 Hutt.
672 339 844 437 Epistola.
1100 356 1163 422 los

160 530 370 595 mernor-um
389 529 419 607 33)
442 549 534 612 quam
557 531 733 595 Monachus
756 555 923 614 perversus
949 539 1026 598 male
1045 540 1166 602 auditu-

161 645 215 685 rus
228 627 368 705 patribus
379 631 571 709 praesidibus.
609 634 684 694 Haec
695 645 787 696 tunc:
809 638 897 718 quod
911 635 1063 713 jamvero
1079 640 1166 701 aliter

161 726 291 800 scribat,
311 730 455 805 mandet,
481 734 606 805 clamet,
630 733 840 810 vociferetur,
865 759 931 797 non
945 738 1072 813 mirum,
1093 762 1165 801 cau·

156 846 221 887 sam
238 829 394 891 recensui.
432 832 520 911 Ergo
538 831 595 891 illis
615 832 734 894 duabus
751 837 827 896 mcis
840 838 978 914 epistolis
996 840 1165 918 deperditis

155 926 324 1009 diligenter
350 929 408 989 tibi
431 931 599 992 suadebam
619 933 763 995 reditum.
814 939 887 996 Non
909 938 948 999 ad
972 941 1165 1001 consortium

159 1027 321 1089 Gallorum
336 1028 394 1103 333)
442 1030 522 1103 Nam
549 1032 702 1115 quicquid
729 1033 886 1113 ejusmodi
907 1050 955 1098 cst
977 1039 1051 1100 nihil
1076 1040 1164 1116 (lico,

157 1127 214 1188 sed
240 1128 329 1208 quod
363 1127 584 1208 introspiceres
615 1132 778 1197 consilinm
811 1147 975 1216 paternum
1005 1140 1165 1200 secretius.

154 1228 274 1292 Monui
297 1227 415 1293 eisdem
435 1230 518 1306 333),
556 1231 581 1292 si
608 1233 663 1293 tibi
688 1246 831 1312 suspecta
857 1236 941 1296 soret
965 1258 1027 1315 pax
1051 1239 1163 1314 patris,

156 1329 346 1390 consederes
366 1330 449 1411 apud
467 1332 548 1392 lidos
563 1332 678 1393 amicos
695 1346 730 1393 et
741 1336 947 1417 propinquos.
986 1337 1078 1398 Unde
1090 1339 1165 1399 hor·

155 1430 267 1490 tareris
286 1429 463 1503 hominem,
489 1443 520 1490 te
541 1433 666 1506 adesse,
693 1433 846 1516 quicquid
864 1439 975 1511 vellet,
994 1438 1163 1499 mandaret.
1204 1443 1207 1448 ⁴

152 1530 278 1595 Deinde
314 1529 497 1608 displicente
529 1532 585 1593 tibi
613 1534 811 1609 conditione,
850 1557 943 1615 posse
973 1537 1029 1597 tibi
1056 1548 1163 1615 patere

151 1642 255 1692 totum
278 1632 440 1694 mundum.
485 1635 577 1693 Nunc
599 1634 681 1694 idem
704 1635 829 1695 videtur
855 1637 1005 1714 optimum
1029 1637 1162 1711 factum,

150 1731 192 1792 ad
212 1731 300 1813 quod
325 1742 356 1790 te
385 1735 512 1806 hortor,
542 1753 678 1806 moneo,
711 1734 822 1794 invito.
871 1736 976 1797 Crede
1000 1737 1076 1797 milii
1102 1738 1163 1797 tuis

150 1831 246 1892 rebus
273 1829 407 1892 sollicito
435 1854 501 1893 non
522 1843 554 1891 te
577 1834 679 1911 capiet
699 1835 871 1912 poeuitudo.
911 1835 966 1895 Sin
986 1846 1088 1896 autem
1105 1837 1163 1897 im·

150 1935 288 2013 prudens
307 1945 448 1994 nostrum
463 1935 627 1996 consilium
642 1933 781 2008 videtin,
801 1934 851 1994 sac
864 1936 952 2015 quod
965 1935 1051 1995 libet.
1080 1936 1162 1996 Scri·

120 2016 126 2027 ¹
150 2034 217 2096 bito
237 2036 325 2116 quod
339 2046 546 2116 Pomponium
563 2047 683 2101 Loetnm
694 2037 729 2111 †)
750 2035 788 2096 ad
800 2035 930 2114 patriani
945 2046 1129 2096 revocatum
1144 2056 1162 2095 a

150 2137 253 2198 Roma
269 2136 465 2216 rescripsisse
482 2137 607 2197 solitum
626 2135 815 2215 accepimus,
836 2135 992 2217 sitpridem
1005 2158 1072 2197 non
1087 2156 1161 2215 pro-

149 2235 224 2296 bans
247 2258 377 2298 suorum
406 2239 617 2311 voluntatem,
654 2238 698 2297 sic
727 2237 907 2319 respondit:
939 2237 1051 2316 Pomp.
1083 2237 1161 2296 Laet.

148 2335 336 2417 propinquis
369 2350 401 2399 et
435 2339 540 2399 amicis
570 2341 716 2411 salutem,
751 2338 840 2418 quod
864 2337 968 2415 petitis
998 2336 1067 2396 leri
1095 2356 1161 2395 non

149 2446 269 2514 potest,
303 2439 425 2498 Valote.
464 2439 559 2511 Vox,
590 2458 639 2498 me
662 2439 766 2498 hercle
787 2457 804 2495 a
824 2457 938 2516 magno
960 2435 1062 2496 animo
1086 2455 1161 2512 pro·

147 2535 244 2610 fecta,
270 2536 327 2597 tibi
350 2537 460 2616 juveni
478 2538 584 2600 similis
602 2537 696 2597 studii
712 2557 778 2596 non
793 2557 887 2614 spern
969 2578 994 2597 ..
1015 2536 1065 2595 De
1086 2535 1160 2593 Mo-

146 2635 251 2696 nachis
269 2648 373 2696 autem
391 2637 481 2718 quod
496 2655 668 2698 memorem
684 2655 877 2712 supervacan
951 2638 1060 2712 sputo,
1081 2653 1158 2709 prae·

145 2738 251 2797 sertim
262 2738 389 2819 quando
403 2740 516 2799 habeas
528 2737 617 2799 binas
628 2736 750 2809 literas,
764 2756 814 2799 me
826 2735 1158 2813 inteprethxaratas.

146 2837 245 2898 Unam
269 2838 344 2898 illud
366 2850 484 2900 teneto.
523 2840 640 2902 Omnes
661 2849 692 2897 te
712 2847 827 2910 amant,
856 2855 963 2897 omncs
986 2830 1042 2901 tibi
1060 2831 1157 2910 pluri-

143 2959 228 2998 mum
249 2937 407 3012 tribuunt,
434 2961 541 3001 omnes
557 2940 635 3001 inte
652 2959 794 3019 magnam
815 2958 901 3017 spem
917 2945 1058 3015 ponunt,
1078 2955 1155 3011 pmc-

143 3038 236 3115 cipue
252 3038 506 3098 Archimandritae
524 3060 660 3119 quorum
673 3037 867 3103 clementiam
880 3037 936 3097 tibi
952 3055 1011 3113 pro
1025 3032 1154 3091 nurnine

141 3135 306 3198 colendam
329 3135 492 3195 contendit
515 3146 620 3215 pater,
657 3136 784 3217 quoties
809 3155 900 3194 nares
926 3130 1091 3201 subducit,
1123 3140 1156 3187 ct

141 3246 247 3296 cutem
274 3254 340 3293 nou
368 3233 516 3314 relinquit
543 3255 601 3294 suo
628 3236 711 3303 loco.
761 3232 857 3312 Quod
884 3251 962 3289 vero
989 3227 1063 3287 nihil
1086 3225 1154 3284 ael'ls

108 3370 115 3383 ,
140 3334 324 3398 tradiderint
361 3333 512 3392 Zonario
544 3335 621 3410 ἡ),
666 3352 761 3416 quem
795 3330 921 3413 quidam
955 3326 1038 3399 †††)
1087 3343 1152 3384 ¹¹⁰ss

208 3541 237 3610 l)
256 3551 296 3595 W.
314 3550 355 3594 hat
372 3552 511 3595 Hunorum.

192 3626 234 3690 *3)
253 3635 284 3678 Μ.
313 3637 412 3678 illoram
439 3636 497 3678 statt
525 3636 652 3678 Gallorum
677 3632 719 3683 (Ρ)
753 3629 883 3677 Viellciclit
910 3629 966 3672 aber
990 3624 1034 3668 soll
1061 3635 1085 3668 cs
1112 3622 1150 3667 eiu
1206 3638 1210 3646 -

251 3719 320 3762 Witz
338 3731 410 3776 scyn:
430 3718 476 3761 und
495 3720 571 3762 etwa:
590 3717 782 3770 scanappauane
800 3715 924 3760 bedenteu.
