2640 4634
193 474 225 515 a.
264 409 288 487 ,’
387 500 393 511 ¹
436 342 512 472 'od
534 399 636 471 Hutt.
659 398 832 495 Epistola.
1089 384 1151 479 nis

143 580 240 648 tilius·
256 586 287 661 a)
317 578 442 668 floripsi
458 590 568 652 eadem
589 590 628 651 ad
647 601 678 650 te
699 590 780 652 binis
797 592 1026 657 verbosissimis
1046 595 1156 674 literis,

142 689 206 749 imo
224 685 476 749 Commentariis.
514 689 599 750 Unas
621 689 761 750 commisi
778 690 859 769 patri
880 712 962 753 anno
978 697 1156 774 superiore,
1197 762 1205 773 ⁶

140 809 213 849 cum
246 780 440 849 nesciremus
464 789 555 868 plane
581 789 696 870 quihus
724 790 788 851 oris
815 802 970 854 terrarum
994 792 1158 873 jactarere.

140 888 209 950 Nisi
225 886 315 971 quod
336 884 474 968 quodam
490 909 618 950 rumore
638 889 843 950 monebamur
857 902 888 951 te
903 891 1013 955 vivere
1028 893 1061 954 in
1077 897 1158 957 urbe

140 987 301 1051 Brunonis
329 986 508 1079 spoliatum,
551 988 674 1050 Alteras
694 988 806 1050 tradidi
831 1010 934 1069 nuper
958 1013 1066 1054 mense
1093 995 1159 1056 De·

139 1087 258 1150 cembri
283 1085 400 1149 Joanni
427 1078 579 1171 ffluslro:
612 1087 655 1148 ita
674 1092 756 1148 voce
778 1089 952 1171 profugum
977 1093 1158 1157 adolescen-

73 1242 76 1247 .
141 1201 206 1249 tem
224 1209 241 1249 e
266 1187 382 1252 familia
405 1184 638 1264 Wsiqerorum.
680 1188 764 1250 Scivi
784 1190 898 1251 eodem
919 1202 1079 1270 tempore,
1099 1195 1159 1255 sub

140 1310 209 1373 quo
234 1290 329 1349 coelo
354 1308 537 1350 versarere:
572 1288 695 1350 Doctus
716 1286 818 1366 primo
841 1310 858 1349 a
880 1290 1018 1367 Madora
1036 1290 1163 1365 adab--

139 1399 231 1452 cente
257 1408 328 1450 cum
354 1388 456 1463 bello,
486 1399 553 1449 tum
577 1389 659 1450 bene
678 1387 832 1449 instituto.
876 1374 1160 1467 Deindeplaetione

139 1489 187 1550 ui
207 1486 314 1549 rossa
336 1488 422 1550 sono
448 1488 523 1550 mus
546 1488 630 1550 missi
652 1509 669 1548 a
694 1490 849 1543 Maiiam>
875 1489 928 1551 uo
948 1462 1161 1569 Pityussa.
1175 1464 1220 1515 *-

141 1589 181 1651 ln
196 1608 237 1649 eo
259 1586 496 1650 Commentario
518 1589 685 1669 diligenter
705 1589 892 1670 perscripsi,
913 1611 981 1672 quae
998 1591 1059 1652 hoc
1077 1612 1160 1654 anno

141 1689 183 1750 de
199 1708 234 1749 re
251 1699 305 1749 tua
320 1687 426 1749 didici.
471 1689 534 1750 Sed
551 1690 625 1770 quia
647 1700 772 1749 neutras
789 1689 953 1768 recepisti,
972 1692 1086 1752 vellem
1106 1711 1160 1753 oc-

140 1789 268 1852 cidione
287 1786 450 1851 occidisse.
488 1789 563 1849 Non
586 1788 668 1850 enim
694 1809 802 1850 omnes
828 1790 908 1851 scire
927 1789 1061 1863 debent,
1089 1811 1160 1872 quae

139 1889 198 1952 tibi
216 1889 318 1951 amico
347 1887 557 1951 communico.
608 1888 755 1971 Aquilius
782 1891 867 1970 apud
891 1889 1087 1951 Francorum
1107 1911 1163 1950 va-

140 1992 217 2055 dum
249 1991 358 2065 sedet,
400 1988 541 2051 discessit
571 2010 612 2051 eo
643 1989 794 2065 consilio,
826 2000 861 2050 ut
889 2000 920 2049 te
948 1989 1049 2050 bonas
1079 1999 1162 2050 artes

142 2092 264 2156 audiret
299 2090 546 2173 praecipientem.
603 2090 681 2170 Spes
717 2110 833 2172 vagum
863 2089 984 2151 fefellit.
1033 2088 1161 2151 Nuncio

140 2195 275 2261 fortuito
300 2204 410 2274 repete
440 2193 478 2254 ab
503 2191 683 2253 errabundo
712 2190 816 2251 literas
839 2188 1043 2251 errabundas.
1086 2190 1160 2272 Ego

141 2295 267 2361 interim
300 2295 432 2356 cantabo
461 2293 519 2356 tibi
555 2293 688 2354 eandem
717 2291 918 2365 cantilenam,
958 2289 1014 2350 sed
1043 2309 1163 2351 summa

142 2418 267 2482 sequar.
310 2397 405 2458 Pater
432 2407 507 2456 tuus
535 2395 658 2456 Ulisseo
689 2391 818 2474 ingenio
844 2391 992 2472 praeditus
1022 2391 1162 2454 callidior
1262 2457 1264 2463 ,

143 2511 206 2574 est,
225 2519 319 2581 quam
336 2508 372 2558 ut
388 2500 481 2576 plene
496 2494 696 2572 intelligatur.
736 2491 870 2571 Quoties
892 2510 1016 2553 mecum
1033 2493 1160 2551 locutus

143 2610 208 2674 est,
235 2599 432 2679 (frequenter
459 2605 563 2655 autem
584 2595 708 2655 locutus
726 2591 803 2664 est,)
823 2560 956 2679 semp&
966 2589 1099 2653 ridicule
1117 2588 1158 2649 de

142 2711 175 2760 te
194 2697 418 2781 interrogavit,
449 2693 606 2758 damnavit
631 2701 663 2751 ct
687 2701 719 2750 te
743 2687 947 2772 studiumque
968 2698 1059 2753 tuum
1079 2706 1162 2748 voce

143 2800 223 2862 adeo
247 2797 495 2880 contemptibili,
525 2807 560 2858 ut
585 2794 640 2856 vix
662 2786 822 2855 habereris
845 2790 940 2852 unius
964 2789 1057 2869 assis,
1083 2787 1162 2850 mira

143 2900 287 2975 audires,
307 2901 333 2962 si
349 2900 457 2962 liceret
475 2910 565 2960 extra
580 2895 742 2976 epistolam
760 2891 939 2972 exspatiari.
978 2891 1034 2952 Ille
1051 2909 1163 2972 quem·

143 3023 207 3085 que
226 2999 324 3061 vincit
340 3001 388 3074 ss)
409 2999 566 3060 sordidata
580 3000 606 3056 'l'
610 3017 651 3056 ua
670 2993 914 3056 existimatione.
952 2989 1160 3053 Nihilominus

140 3114 248 3163 tamen
265 3099 357 3160 laude
376 3108 430 3157 tua
447 3098 564 3160 mirum
580 3095 615 3156 in
631 3095 762 3156 modum
780 3093 936 3171 pascitur,
963 3109 1058 3173 quam
1080 3108 1161 3147 nun·

143 3219 241 3287 quam
261 3197 332 3256 satis
355 3195 450 3257 audit.
490 3193 612 3257 Caetera
638 3193 752 3254 occulit
777 3191 827 3251 vir
851 3190 1009 3270 prudens:
1041 3185 1160 3246 nimum

141 3302 318 3364 titillantem
335 3317 376 3357 ex
389 3295 450 3356 tuis
463 3293 626 3378 praeconiis
637 3314 705 3356 non
722 3289 857 3366 occulit,
877 3287 1053 3353 manifestat
1067 3285 1160 3358 illud,

142 3432 308 3453 una-*⁸⁶¹*-

173 3511 196 3560 *)
215 3509 244 3554 So
267 3508 343 3553 haben
368 3507 407 3552 die
434 3508 544 3552 Morum.
569 3506 629 3560 pret.
658 3510 684 3550 as
709 3504 777 3548 liter.
803 3499 851 3544 und
867 3494 1063 3552 Wagenseil
1080 3493 1163 3539 diesen

213 3594 276 3638 Satz.
312 3590 468 3636 Molrnike
493 3590 630 3636 verbessert
655 3588 693 3634 die
721 3584 794 3632 stelle
820 3584 886 3630 also:
916 3583 1008 3650 Infidis
1030 3579 1162 3638 aliquando

215 3691 311 3734 sermo,
338 3684 361 3722 ic
389 3677 521 3721 incussisse
545 3677 626 3720 minas
649 3674 713 3718 mals
737 3667 908 3723 audientibus,
940 3672 968 3711 ut
987 3670 1080 3709 vestem
1098 3663 1162 3707 uella

215 3768 322 3807 mutasse
341 3763 448 3807 creditus
474 3773 546 3806 esses.
594 3757 677 3814 Vergl.
701 3750 950 3811 iurendgesch.
970 3742 1058 3796 nult.
1083 3759 1107 3804 p.
1126 3745 1163 3791 63.

214 3845 401 3902 Wagensell
418 3856 471 3902 pag.
490 3842 528 3890 ⁵3.

164 3931 202 3980 sa)
221 3929 332 3976 Molmlke
354 3929 386 3974 ist
403 3930 456 3974 dem
479 3930 559 3973 vincit
578 3939 627 3972 von
651 3923 792 3982 Wagenseil
813 3912 981 3978 beigclreteu‘3
1011 3918 1048 3965 riis
1069 3917 1162 3961 iloni.-

217 4021 298 4061 msuta
316 4014 393 4061 haben
408 4015 476 4062 uicit.
511 4011 557 4060 Mis
574 4010 667 4060 scheint
682 4023 709 4058 es
727 4007 862 4067 gleichviel.
