2670 4628
712 102 736 161 ῥ’.

543 326 826 427 Epigrammata.

390 525 457 596 De
491 524 627 599 Gallo
661 524 725 597 ad'
752 523 968 621 aquilam.

170 692 361 756 habitionis
381 681 491 776 agrum
510 677 778 756 circumvolitabat
796 707 938 776 apertum

245 796 369 870 Gallus,
396 807 432 857 ut
451 794 523 858 hinc
543 795 637 857 avido
647 809 800 876 ¹'eruperat
821 819 876 858 ure
898 796 1011 860 cibum.

169 897 248 959 Visa
265 908 315 956 est
333 896 457 984 imperii
476 895 596 975 species
618 897 708 979 quasi
726 919 803 978 rege
821 899 969 960 vacantis.

252 996 369 1058 Invasit
389 997 462 1057 totis
481 996 601 1058 viribus
621 997 720 1077 impar
740 1018 830 1059 onus.

166 1099 261 1158 Nunc
280 1097 372 1159 etiarn
393 1097 525 1160 attendit
542 1110 698 1173 mentem,
727 1109 759 1158 et
777 1099 901 1159 defixus
920 1097 1064 1172 inhaeret,

243 1199 285 1257 Et
305 1187 414 1258 studiis
434 1219 569 1260 summas
594 1199 739 1261 omnibus
759 1198 853 1261 ambit
873 1218 961 1276 opes.

166 1299 287 1370 Ileete,
318 1297 411 1358 habet
439 1288 612 1381 ingenium.
663 1302 715 1363 Tu
746 1300 824 1388 quid
853 1283 965 1379 regina
992 1296 1187 1358 voluerum?

240 1398 314 1460 Non
339 1399 400 1460 hoo
426 1419 493 1460 esse
520 1412 626 1476 tuum,
659 1403 748 1486 quod
773 1401 854 1484 rapit
880 1399 952 1474 illc,
986 1395 1108 1459 doces?
1172 1474 1176 1481 Ι

600 1624 741 1639 Q

510 1810 580 1883 Ad
619 1809 831 1883 Gallum.
917 1805 919 1809 ’

163 1980 236 2058 Quo
265 1979 321 2040 tibi
343 1981 430 2041 Galle
456 1999 543 2040 amor
567 1978 618 2042 hic
643 1979 816 2060 regnandi,
849 1990 944 2061 atque
963 1979 1022 2040 ista
1041 1977 1183 2058 cupido?

237 2082 322 2160 Quin
349 2082 514 2143 moderare
541 2079 635 2142 arrimi
662 2092 757 2156 rota,
787 2092 942 2163 tenesque
960 2079 1115 2143 modum?

161 2179 236 2239 Non
255 2193 361 2258 potes,
389 2195 425 2244 nt
444 2182 567 2262 cupias,
597 2180 731 2264 aquilam
750 2202 899 2262 superare
918 2182 1076 2262 rolando,
1138 2172 1139 2177 ¹

235 2284 500 2365 Quarumcunque
520 2287 580 2346 alas
600 2285 762 2344 contrahat
781 2283 832 2344 ille
851 2305 935 2346 suas.
1034 2310 1038 2317 ·

159 2381 247 2461 Saepe
273 2405 376 2443 moras
403 2383 539 2461 patitur,
571 2406 640 2464 quae
665 2404 738 2445 cum
764 2371 938 2462 properare
963 2403 1094 2444 necesse
1114 2395 1178 2459 est,

234 2483 339 2541 Tarde
360 2482 449 2541 abeat
469 2504 666 2562 quanquam,
692 2482 827 2542 vertitur
847 2495 918 2542 ante
938 2494 1053 2544 tamon.
1102 2510 1105 2517 ·

157 2581 282 2642 Scilicet
301 2592 336 2640 nt
355 2580 456 2658 possis
478 2580 554 2641 alios
578 2580 620 2639 ita
639 2580 768 2644 vincere
793 2581 917 2655 Gallos,

232 2684 273 2741 Et
293 2679 418 2760 generis
438 2683 584 2745 volueres
602 2679 691 2742 istius
712 2692 782 2741 anta
802 2665 901 2740 voles.

156 2781 279 2846 Contra
304 2781 438 2863 aquilam
464 2781 540 2846 nihil
560 2791 624 2854 est,
651 2801 716 2863 quo
738 2792 771 2841 tu
791 2779 940 2844 merearis
959 2783 1099 2857 honore,

229 2885 271 2944 Ut
288 2882 368 2945 folio
388 2883 515 2965 cingas,
545 2885 597 2943 vel
616 2880 766 2944 breviore
786 2893 889 2962 eaput.
956 2894 958 2899 '
1172 2866 1179 2877 ⁸

154 2985 218 3044 Par
236 2984 345 3062 aquila
364 2983 435 3043 lieri
456 2984 603 3062 despera,
630 2984 714 3045 haud
734 2983 863 3045 vincere
884 2994 1022 3056 tantum,

230 3082 340 3161 Urmia
361 3081 440 3141 adeo
461 3102 580 3160 pennas
601 3083 696 3142 anteit
711 3081 766 3143 illc
786 3095 866 3147 tuas.

596 3301 736 3332 mv
755 3286 757 3291 Ι

278 3586 279 3590 ¹
341 3492 404 3565 Ad
439 3493 627 3565 Gallum
662 3494 716 3566 de
749 3484 961 3567 Caesarei
1004 3527 1008 3543 ¹

152 3659 226 3736 Quo
246 3660 286 3718 sit
303 3672 412 3720 nostra
430 3664 503 3723 loco
524 3683 593 3737 res,
628 3653 715 3724 Galle
736 3663 845 3725 audire
864 3662 1012 3724 laboras?

226 3760 327 3820 Recte
351 3762 444 3822 habet
469 3774 501 3822 et
528 3764 651 3842 placido
678 3776 725 3825 est
748 3777 815 3826 tota
841 3764 949 3846 quiete
976 3777 1072 3840 statu,

151 3858 236 3936 Quid
254 3858 348 3920 faeiat·
368 3859 499 3924 Cacsar?
530 3863 588 3924 tihi
610 3876 729 3926 tantum
748 3865 893 3926 irascitur
912 3864 981 3940 aio,
1133 3857 1135 3861 ¹

224 3963 332 4047 *lt-quc
359 3985 458 4026 unum
484 3962 509 4025 it
532 3963 668 4044 patitur,
702 3978 813 4029 crotera
832 3969 917 4028 latus
937 3968 1011 4048 agit.
1081 3975 1083 3979 ’
