2640 4634
444 748 857 847 Virbonus

499 967 501 971 ¹
571 960 735 984 *ῆι-

148 1079 259 1173 Cerne
276 1124 374 1168 novos
392 1109 507 1181 vultus,
526 1126 628 1168 rerum
647 1115 779 1171 studiose
796 1134 942 1173 novarum
949 1152 959 1188 5

213 1205 254 1263 Et
272 1207 351 1262 facili
369 1209 500 1262 monitus
520 1208 621 1278 accipe
641 1210 733 1263 corde
750 1226 848 1265 meos.

146 1304 230 1373 Saepe
248 1307 373 1354 movent
389 1301 495 1354 melius
515 1300 652 1370 propiori
671 1302 789 1369 cognita
806 1304 890 1372 visu,

214 1393 352 1463 Inspice,
374 1403 441 1447 sunt
458 1394 571 1447 tetricis
590 1393 645 1448 ista
662 1394 787 1449 videnda
806 1397 887 1452 viris

144 1486 245 1542 Multa
262 1484 362 1540 vident
381 1485 479 1552 oculi,
498 1486 551 1539 sed
569 1487 605 1539 ad
623 1486 765 1541 interiora
783 1490 953 1560 remittunt,

214 1578 392 1648 Opportuna
408 1577 500 1645 magis
518 1577 630 1631 lumina
648 1590 752 1647 peetus
770 1580 871 1636 habet

143 1672 224 1726 Rara
242 1671 315 1724 mihi
335 1671 445 1736 facies,
464 1679 493 1721 et
509 1669 582 1722 solis
602 1670 719 1736 cognita
732 1672 837 1739 justis,

214 1763 293 1817 Cura
313 1762 421 1832 quibus
440 1761 503 1814 veri
524 1769 586 1827 est,
604 1761 784 1831 justitiaeque
804 1765 898 1819 calor.

143 1854 239 1912 Novit
259 1855 420 1920 Aristides,
445 1853 529 1908 novit
547 1854 593 1906 vir
612 1854 699 1907 fortis
717 1855 858 1923 Ulysses‚

210 1947 251 2002 Et
268 1963 324 2001 ros
343 1947 503 2000 Socraticae
523 1946 645 2000 candida
662 1946 750 2000 turba
767 1947 891 2002 scholae.

144 2042 281 2111 Cumque
301 2041 414 2094 Catone
432 2040 532 2094 bonus
550 2040 678 2106 Nasica,
703 2050 732 2093 et
750 2041 857 2101 Caelius
876 2042 997 2111 ingens,

123 2131 134 2178 ί
210 2133 250 2186 Et
269 2133 378 2186 Cicero
396 2133 487 2186 Latiae
506 2133 600 2200 gloria
620 2134 717 2204 prima
734 2143 821 2203 togae.
841 2168 845 2173 -

142 2225 310 2282 Prudentes
328 2241 442 2278 novere
460 2225 534 2292 viri,
554 2226 634 2280 rudis
654 2228 752 2282 omnia
773 2229 901 2296 damnat,

210 2318 293 2372 Dum
312 2318 448 2385 damnat,
467 2319 533 2371 vitae
553 2328 597 2372 est
614 2320 734 2373 nescius
754 2321 817 2391 ipse
835 2338 906 2375 suso.

143 2410 230 2482 Siqua
249 2410 314 2463 rudi
333 2418 432 2463 tamen
451 2419 496 2463 est
513 2410 645 2464 discendi
665 2427 755 2478 eura,
780 2413 921 2484 cupitque

209 2502 365 2556 Excolere
385 2501 521 2568 ignavum
538 2501 692 2555 nobilitate
711 2504 853 2557 animum.

141 2594 239 2651 Ponat
259 2609 335 2663 opus
352 2592 430 2646 vitiis
449 2593 588 2662 plenum,
612 2602 640 2645 et
657 2593 766 2647 nitatur
782 2595 812 2647 in
833 2596 921 2662 illud,

208 2687 293 2741 Unde
313 2686 405 2739 decus
424 2686 520 2752 longae
538 2685 719 2755 posteritatis
738 2685 816 2752 erit,

142 2778 339 2849 Consilioque
358 2795 448 2845 meop
465 2779 539 2832 nihil
557 2788 602 2832 est
619 2778 805 2848 prestantius
823 2777 892 2845 illo,

208 2872 352 2939 Incubet,
373 2874 529 2944 exemplar
536 2913 545 2939 ‚
564 2888 625 2942 quo
644 2872 806 2937 doceatur,
823 2869 925 2924 habet.

138 2965 214 3023 Non
233 2967 349 3030 doceop
367 2981 433 3034 quae
453 2966 527 3018 dura
544 2975 646 3035 putes,
666 2964 712 3017 via
729 2963 811 3018 laevis
830 2964 908 3017 eunti
928 2971 991 3030 est,

187 3056 256 3125 ‚Ad
275 3054 413 3127 celebres
433 3055 548 3121 cultus,
569 3065 807 3125 perpetuumque
829 3056 932 3108 decus.

141 3146 246 3204 Triste
264 3144 336 3197 nihil
355 3146 496 3212 monitis,
513 3146 587 3198 nihil
605 3145 805 3214 insuperabile
824 3145 934 3198 nostris
944 3182 955 3210 ,

210 3237 249 3290 Et
267 3235 370 3290 faciles
391 3235 503 3302 aditus,
527 3247 556 3290 et
574 3237 622 3307 pia
635 3237 719 3305 jussa
736 3246 822 3304 gero.

138 3333 243 3397 Adde,
263 3300 345 3399 qu⁹od
363 3337 408 3382 est
427 3326 518 3382 nobis
536 3328 615 3395 vita,
636 3343 705 3399 spes
725 3336 806 3382 certa
824 3328 984 3398 perennis,

209 3423 286 3496 Quis
306 3422 382 3475 nolit
399 3437 492 3492 parvo
512 3438 616 3489 magna
635 3417 742 3479 labore
760 3420 866 3489 sequi?

140 3515 274 3572 Vivimus
295 3513 455 3582 ancipites,
474 3513 623 3566 morimur
640 3511 797 3580 fugacibus
813 3513 916 3578 horis,

179 3616 183 3624 “
208 3607 276 3660 Nec
296 3614 412 3658 certum
432 3614 477 3657 est
493 3619 587 3658 uuum
606 3605 708 3660 vivere
727 3615 819 3674 posse
836 3605 926 3657 diem.

142 3698 271 3771 Quando
291 3697 379 3765 igitur
397 3697 465 3750 vitae
482 3697 683 3767 nequidquam
704 3695 821 3749 fidimus
839 3697 898 3762 illi,

210 3791 302 3862 Quod
323 3799 430 3860 potes,
449 3799 579 3843 aeternos
597 3790 699 3844 vivere
718 3789 806 3842 tende
825 3789 899 3842 dics.

139 3881 232 3935 Utere
251 3897 317 3946 me,
340 3881 441 3948 vives,
462 3882 532 3936 etsi
551 3883 626 3951 petis
648 3880 725 3948 otia,
743 3880 824 3934 veris

208 3971 304 4028 Disce
324 3973 401 4040 frui,
421 3983 449 4026 et
467 3974 492 4028 si
509 3975 554 4029 vis
573 3974 675 4029 vivere
685 4012 695 4043 ,
717 3972 784 4027 vive
803 3972 870 4027 diul
