2640 4634
467 347 747 449 Epigrammata.

109 540 245 618 Projicit
264 541 408 620 ampullas
428 542 546 602 Veneti
563 543 656 603 maris
675 542 775 616 unda,
795 545 952 621 tumescit,

183 643 317 722 Jamque
337 663 394 702 suo
417 639 519 720 major
536 644 654 703 robore
674 643 802 703 Marcus
823 645 919 705 adest.

109 741 217 806 Credo
237 742 384 823 equidem
402 741 623 825 soliumJovis
642 743 728 802 illum
747 754 780 803 et
799 742 901 804 sidera
918 744 999 806 fastu

182 842 335 915 Poscere,
354 861 413 900 nec
431 840 539 902 muudi
559 861 656 921 regna
676 852 786 921 putare
804 844 886 905 satis.

107 941 338 1004 Luxuriantem
357 940 491 1000 animum
510 960 692 1018 compesce,
711 940 840 1002 libidine
859 944 980 1019 vincta,

181 1042 288 1121 Atque
308 1041 402 1102 animi
419 1051 530 1101 votum
550 1043 700 1103 contrahe
718 1042 827 1101 Marce
847 1045 910 1118 tui,

108 1141 394 1222 Quantumcunque
412 1139 499 1200 bono
520 1140 646 1201 veniant
665 1153 719 1200 tua
736 1142 861 1203 carbasa
880 1154 992 1218 vento,

184 1242 264 1302 Siste
283 1252 401 1315 tamen,
421 1228 589 1318 prop'eiam
608 1260 702 1301 cursu
721 1240 891 1323 inhibeque
911 1255 1018 1306 ratem.

107 1342 280 1404 Successus.
296 1359 411 1422 urgere
430 1349 521 1414 tuos,
540 1339 631 1400 nimis
651 1342 710 1400 alta
721 1342 882 1421 petendo,

182 1439 286 1514 Eniti,
308 1461 402 1522 quarn
421 1441 461 1500 sit
480 1460 530 1500 res
550 1441 718 1503 metuenda
736 1441 820 1504 vide.

108 1540 158 1602 Sic
176 1538 276 1614 illum,
297 1540 439 1622 quirem
458 1541 567 1602 melius
586 1562 723 1616 novere,
742 1543 925 1616 monebant,

182 1642 223 1700 Et
242 1640 372 1701 meliore
390 1639 469 1712 fide,
488 1639 623 1718 perfurit
640 1640 690 1702 illc
711 1652 825 1702 tamen.

107 1742 291 1820 Respexere
311 1737 423 1799 Dcite
444 1735 565 1812 Cesar,
585 1740 624 1799 ad
642 1738 748 1799 ultima
766 1751 896 1800 ventum
915 1749 978 1814 est,

182 1840 327 1903 Oderunt
345 1837 507 1899 hominum
525 1850 639 1898 cuncta
657 1837 793 1917 superba
811 1840 884 1910 Dei·

106 1941 174 2003 Nec
193 1938 300 1999 dubita
319 1949 443 2018 pactum
461 1940 522 2000 hoc
541 1937 698 1999 discordia
716 1949 832 2020 quanta
853 1949 1019 2023 sequatur,

182 2036 282 2101 Cuius
301 2040 392 2117 plena
412 2038 489 2099 fides
511 2037 615 2102 omnia
631 2038 781 2119 perfidiae.

106 2137 195 2199 Unus
213 2137 247 2202 in
265 2140 356 2204 hoste
377 2137 467 2199 labor
484 2136 616 2218 juncto,
635 2139 768 2203 victoria
788 2140 922 2219 duplex,

181 2237 223 2303 Et
239 2235 322 2303 bene
342 2240 505 2306 credemus
524 2260 591 2303 non
609 2241 666 2304 tibi
687 2242 766 2304 velle
785 2241 884 2305 Deos.

544 2420 684 2438 m

201 2537 266 2607 De
291 2535 396 2607 belli
421 2536 659 2630 qualitate,
691 2539 743 2608 ad
766 2539 1016 2608 Germanos.

106 2680 208 2777 (luam
228 2695 306 2775 sapit
323 2697 393 2770 ille,
413 2695 503 2778 gravi
523 2694 578 2777 qui
599 2706 751 2783 temperat
771 2694 847 2756 utile
865 2699 1017 2769 honesto,

181 2799 248 2861 Nec
265 2808 384 2858 temere
402 2797 495 2861 ullius
514 2796 616 2858 fertur
636 2816 742 2858 amore
760 2795 848 2859 boni.

45 2894 48 2902 ’
105 2899 217 2978 Regna
227 2898 478 2976 petuntVeneti,
492 2898 624 2959 sednon
634 2919 706 2972 sua,
721 2917 815 2981 quam
824 2896 863 2958 sit
869 2896 1114 2966 honestumhoc,

179 2998 274 3056 Haud
294 3017 398 3074 operae
416 2997 553 3075 pretium
571 2998 752 3078 perspicere
772 3016 840 3058 ease
860 3006 981 3077 putant·

105 3095 147 3154 Ut
165 3094 304 3171 rapiant,
323 3095 416 3155 sociis
435 3108 552 3156 armant
571 3118 605 3158 se
625 3098 660 3157 in
677 3097 785 3175 proelia
805 3096 915 3166 Gallis,

179 3192 313 3273 Jamque
332 3193 412 3254 adeo
432 3206 552 3263 tentant
572 3195 704 3258 Caesaris
723 3215 807 3256 arma
824 3195 934 3272 palam.

104 3291 282 3372 Jungantur
303 3291 397 3352 Gallis
417 3295 554 3369 Veneti,
574 3316 633 3356 nos
656 3303 888 3368 consumetur,

180 3393 257 3470 Quae
278 3391 427 3473 quoniam
445 3393 527 3471 justa
547 3406 610 3469 est,
637 3412 725 3472 spem
744 3391 833 3470 jubet
853 3413 921 3454 esse
941 3402 1048 3454 ratam.

102 3491 229 3554 Ultores
250 3503 371 3570 sperate
390 3495 494 3568 Deos,
513 3494 630 3575 injuria
647 3494 720 3555 belli

180 3593 268 3670 Quos
287 3593 415 3670 premit,
435 3595 555 3656 interea
574 3595 722 3673 corripite
742 3613 825 3654 arma
843 3603 956 3654 tamen.

102 3690 238 3772 ignavos
259 3691 357 3752 odere
375 3693 455 3768 Dei,
474 3695 675 3774 vigilantibus
696 3694 825 3766 adsunt,

177 3792 215 3856 In
234 3790 417 3871 conjuratos
437 3793 585 3874 corripite
606 3815 689 3857 arma
708 3793 779 3859 viri.

474 4004 478 4011 ,
535 3988 675 4006 ΜΕ
