2670 4628
140 361 251 459 ‚130
414 344 426 367 ”
452 352 508 424 Ad
531 349 703 425 Maximil.
730 353 928 449 Caesarem,
1009 278 1061 390 w
1149 315 1157 346 ‘l
1224 294 1227 301 Ι

984 448 1054 487 Τ.

183 548 287 619 Turpe
307 556 352 602 est
369 565 449 602 arma
465 556 521 601 tuae
539 555 632 601 tracta
650 547 785 614 rubigine
806 548 919 616 gentis,

180 636 181 639 ’
232 684 233 687 ,
249 643 330 696 Olim
352 643 430 696 clara
449 642 542 709 foris,
564 658 645 694 nunc
663 640 783 694 latuisse
801 641 893 695 domi.
1048 715 1051 719 ἱ

124 769 128 776 ·
180 724 283 805 Turpe
304 744 348 789 est
365 734 503 788 imbelles
520 734 669 804 populoS,
692 735 885 805 Venetosque
907 678 1050 805 suffe,

246 827 392 896 Egregios
410 828 499 882 armis
520 827 681 886 sollicitare
703 828 806 902 duees'.

179 920 339 975 Germanae
358 921 405 974 vir
434 921 457 983 ,¹
482 929 577 987 ¹erat5
595 936 699 988 gerere
719 936 800 972 arma
817 928 958 989 repente,
978 954 981 958 Δ

236 929 549 1089 ,Ωιιεηᾳυεὲῧίοῐα
567 1014 667 1066 forent
685 1028 766 1065 arma
784 1030 909 1066 movere
929 1014 1023 1082 prins.

176 1105 395 1175 Proh-pudor,
414 1105 456 1158 ira
474 1106 575 1159 animo
592 1104 715 1171 subeat,
735 1101 891 1158 clementia
909 1117 1007 1160 cesset
1014 1144 1026 1173 ‚,

241 1199 365 1268 Unaque
385 1198 423 1251 sit
440 1198 534 1251 virtus
551 1197 667 1251 bellum
685 1197 785 1250 iniisse
805 1197 876 1250 cito.

178 1290 338 1364 Quondam
356 1300 460 1345 nostra
479 1291 553 1343 foris
572 1289 665 1343 multa
685 1289 846 1344 Germania
864 1291 950 1344 laude

148 1448 152 1455 ι
245 1383 395 1438 Gentibus
418 1382 535 1436 invictis
553 1382 676 1434 nomine
694 1390 794 1434 terror
815 1390 897 1449 erat5

174 1474 265 1540 Nune
283 1476 434 1545 quatimur
449 1473 540 1528 toties
558 1472 665 1526 vicinis
684 1474 812 1543 undique
831 1475 937 1542 bellis,

243 1567 282 1622 Et
301 1568 359 1620 ruit
379 1568 407 1620 in
426 1567 556 1637 populos
574 1583 641 1636 quae
659 1565 734 1619 libet
751 1567 794 1619 ira
811 1577 890 1621 tuos.

175 1660 243 1716 Nec
261 1667 360 1715 tamen
378 1660 432 1714 ista
449 1661 581 1731 loquor,
599 1676 659 1728 quo
679 1668 708 1711 te
726 1659 773 1713 his
793 1660 823 1713 in
842 1660 961 1714 casibus
981 1671 1050 1716 ante

244 1754 382 1827 Unquam
400 1753 474 1807 adeo
493 1768 599 1821 segnes
619 1752 716 1807 dicam
734 1748 876 1806 h'abuisse
897 1770 1014 1807 manus.

175 1851 235 1901 Aut
253 1849 361 1918 procul
381 1864 397 1901 a
417 1847 498 1901 euris
517 1847 617 1900 animo
634 1853 758 1915 torpere
775 1847 926 1911 remisso,
1033 1917 1036 1920 ἢ

244 1943 397 2010 Armaque
415 1957 473 2011 pro
490 1939 590 2010 patriae
609 1938 689 2005 lenta
706 1955 831 1991 movere
849 1938 944 1992 bone.
1026 1936 1027 1939 ’

175 2031 291 2086 Notum
311 2042 355 2086 est
372 2033 505 2100 ingentes
523 2031 606 2087 bello
626 2030 755 2083 subiisse
774 2031 915 2098 labores,

243 2124 360 2178 Notum
381 2134 425 2177 est
442 2123 619 2192 tranquillos
637 2140 699 2176 non
717 2122 858 2177 habuisse
880 2126 953 2179 dies.

177 2215 298 2270 Suennn
317 2216 427 2268 anteire
446 2217 517 2269 loco
527 2254 537 2282 ,
560 2232 719 2285 pugnaque
737 2215 819 2268 exire
838 2218 994 2286 priorcmr

242 2291 335 2376 rung}
355 2308 513 2378 anquando
534 2307 642 2360 aucam
660 2307 760 2361 mains
780 2308 899 2377 officio,

177 2399 364 2456 Gaudentem
383 2401 508 2469 castris,
533 2409 563 2454 et
580 2408 684 2471 aperto
702 2400 807 2454 vivere
824 2400 920 2469 eoel'o,

245 2491 304 2565 Qui
323 2493 389 2545 vitae
407 2494 516 2547 modus
535 2503 597 2560 est,
616 2511 680 2564 quae
699 2494 853 2564 seriesque
872 2507 938 2548 tuae.v

173 2585 255 2654 Ergo
276 2603 327 2653 age
346 2585 426 2639 livor
450 2586 525 2641 edax
546 2586 682 2640 rabidum
702 2604 864 2657 compesce
884 2586 1043 2656 labellum,

242 2679 357 2732 Desine
378 2679 413 2733 de
431 2687 512 2732 tanto
529 2680 622 2732 tristia
640 2696 712 2747 rege
729 2680 826 2748 loqui.

174 2771 289 2824 Desine
310 2772 464 2824 Caesareos
483 2771 603 2838 titulos,
624 2771 831 2841 pulchrosque
849 2770 989 2837 labores,

243 2862 316 2914 Vilis
334 2863 429 2916 homo
449 2863 566 2932 spurcis
586 2862 799 2915 comminuisse
819 2859 922 2916 labris.

175 2953 247 3007 Non
267 2956 370 3021 fugere
389 2965 450 3022 est⁷
473 2954 497 3008 si
516 2954 582 3024 quis
601 2954 710 3006 lentam
732 2962 888 3007 cunctatur
906 2955 941 3008 ad
959 2955 1056 3024 iram,

243 3045 355 3102 Nescis
373 3064 430 3116 qua
448 3046 628 3100 deceathoc
647 3062 722 3115 opus
742 3055 804 3099 arte
820 3046 893 3114 geri.

176 3137 238 3193 Tot
258 3139 371 3192 circum
391 3156 477 3194 casus
497 3149 601 3210 pensat
618 3139 706 3192 Jovis
726 3140 787 3193 ales
806 3139 841 3193 ab
862 3139 936 3206 alto,

243 3232 319 3284 Cum
337 3232 438 3300 volet,
456 3233 589 3300 ingentes
607 3231 726 3285 conciet
744 3232 793 3285 illa
810 3241 922 3286 metus.

176 3324 258 3393 Saepe
277 3324 396 3394 quidem
416 3339 548 3393 pennas,
565 3325 618 3377 sed
636 3342 696 3378 non
715 3342 770 3395 pro
790 3324 905 3388 viribus
922 3325 1014 3394 ipsiS,

243 3414 366 3482 Pandit,
386 3424 413 3468 et
433 3416 571 3473 excussis
592 3417 739 3483 unguibus
759 3417 855 3486 ampla
873 3426 963 3486 patet.

176 3505 232 3558 Sed
250 3524 310 3561 non
329 3507 481 3574 teremit,
504 3524 711 3578 summamque
731 3508 848 3575 exurgit
866 3508 894 3560 in
913 3509 1008 3572 iram,

245 3600 375 3654 Omnino
393 3600 472 3654 vires
490 3601 742 3671 prosequiturque
761 3614 840 3654 suas.

176 3691 325 3745 Hactenus
343 3695 408 3745 heac
427 3691 556 3763 populos
575 3692 728 3762 suspensis
746 3693 851 3746 terruit
870 3692 942 3757 alis,

245 3785 375 3837 Vindicis
391 3783 518 3840 hostiles
538 3784 722 3838 admonitura
741 3785 868 3838 animos.

173 3877 257 3932 Dum
276 3886 374 3928 tamen
394 3893 447 3931 ora
465 3876 569 3927 furens
589 3892 734 3933 excausa
755 3877 899 3942 armabat,
919 3884 949 3928 et
967 3885 1101 3940 ungues,

240 3970 326 4024 Dum
343 3976 425 4034 ruet,
445 3976 473 4021 et
490 3967 560 4020 totis
578 3968 692 4027 viribus
711 3986 791 4024 arma
812 3978 905 4038 geret.
