2640 4634
672 236 682 261 Ι

152 380 197 450 68
518 370 676 464 Querel..
699 375 719 445 l.
745 374 788 446 ΙΙ.

149 567 317 639 Despexlt,
340 565 364 620 si
383 564 452 637 quid
469 567 593 637 propius
611 566 787 621 mortalibus
807 575 901 635 esset,

220 659 423 730 Concepitque
442 660 539 712 animo
560 661 703 717 fertiliora
721 678 796 729 suo,

148 755 276 812 Deditus
295 754 411 822 ingenio
421 794 431 821 ,
450 753 542 808 solius
562 755 660 807 cultor
677 754 794 808 honesti

217 849 374 918 Nusquam
393 847 510 914 animo,
528 863 674 916 nusquam
693 847 834 914 religione
851 863 958 901 vacans
968 888 978 914 ‚

148 939 188 999 Et
204 942 288 1012 pius,
313 950 341 993 et
359 942 511 1007 clemens,
530 949 558 992 et
575 939 642 991 vani
661 948 785 993 exactor
801 940 926 993 honoris
936 980 945 1006 ‚

217 1035 267 1088 Nil
287 1050 411 1103 peregre
431 1032 551 1102 cupiens
571 1032 773 1101 sollicitusque
796 1032 857 1099 sui,

148 1123 334 1197 supplicibus
354 1124 447 1177 facilis
469 1141 555 1178 caros
574 1124 682 1193 adjuvit
701 1125 824 1180 amicos

216 1219 260 1285 Ο,
280 1226 419 1288 quantum
440 1218 531 1270 rebus
548 1216 662 1287 profuit
679 1217 726 1270 ille
744 1218 837 1271 meis!

146 1309 262 1368 Notum
281 1310 371 1363 estin
390 1309 500 1368 morbo
518 1320 640 1363 nostros
658 1309 805 1377 gemuisse
824 1309 854 1376 *)
872 1311 1012 1378 dolores,

216 1402 330 1456 Notum
349 1413 392 1454 est
412 1402 440 1453 in
459 1416 544 1454 casus
564 1402 794 1471 collacrymasse
812 1420 908 1457 meos.

148 1492 256 1548 Tristis
276 1504 354 1558 erat,
375 1494 399 1546 si
419 1493 484 1563 quis
503 1502 640 1546 nostrum
659 1511 720 1550 uon
742 1505 878 1565 carperet
892 1497 1030 1564 hostem,

216 1586 296 1655 Saepe
316 1585 355 1640 illi
378 1586 515 1639 indocto
534 1585 659 1640 Lossius
679 1604 731 1640 ore
751 1588 816 1643 fuit.

109 1690 111 1700 ·
146 1675 315 1730 Damnabat
332 1679 431 1732 scelus
451 1696 593 1747 enorme,
613 1680 800 1750 spoliumque
817 1682 997 1748 nefandum,

214 1769 399 1837 Damnabat,
418 1770 442 1823 si
462 1771 531 1842 quid
549 1771 659 1826 tristius
681 1789 745 1827 esse
764 1783 872 1843 potest.
981 1766 987 1780 '

145 1863 212 1916 Heu
229 1863 299 1917 nihil
320 1874 509 1934 exemptum,
528 1865 600 1917 nihil
617 1865 678 1918 hoc
695 1865 724 1920 in
742 1875 878 1936 tempore
896 1875 1009 1934 tutum,

214 1956 321 2010 Omnia
340 1958 477 2011 fracturae
496 1958 602 2011 mortis
621 1957 650 2010 in
669 1958 791 2013 arbitrio
806 1963 823 2012 l*

145 2047 174 2101 Si
193 2049 287 2117 potuit
305 2050 397 2105 virtus
416 2050 497 2103 claro
518 2065 675 2120 superesse
694 2050 822 2118 decore,
888 2046 917 2091 1¹

215 2139 294 2212 Quid
307 2141 382 2209 jacis
403 2142 579 2208 intantum,
599 2158 700 2221 mors,
721 2153 768 2195 tua
787 2144 843 2197 tela
861 2142 980 2196 virum?

145 2230 263 2288 Prorue
282 2233 317 2285 de
336 2234 424 2301 vulgo
444 2249 641 2304 quemquam,
662 2235 699 2288 sit
718 2236 814 2288 vivida
832 2234 943 2288 virtus!

213 2324 262 2379 Tu
280 2325 351 2378 nihil
370 2326 399 2378 in
416 2343 490 2384 vero
508 2327 628 2383 numine
641 2327 718 2395 juris
736 2328 840 2385 habes,

145 2417 201 2484 At,
220 2418 365 2487 quianon
383 2419 517 2472 standum
536 2429 596 2486 est,
615 2419 667 2473 sed
687 2421 716 2475 in
734 2421 790 2475 hac
803 2429 889 2478 ‘aetate
908 2419 1072 2474 cadendum
1083 2458 1093 2487 ,

211 2508 250 2564 Et
267 2510 337 2564 nihil
357 2511 471 2564 incerto
492 2520 537 2581 est
556 2512 665 2566 certius
686 2512 793 2580 exitio,

143 2598 198 2670 Et,
217 2603 357 2674 quoniam
375 2605 447 2663 nihil
469 2614 532 2672 est,
552 2623 615 2661 aevo
635 2614 666 2658 ut
685 2622 839 2675 speremus
858 2606 887 2658 in
906 2605 979 2672 illo,

212 2693 378 2767 Omniaque
401 2696 436 2750 ad
454 2707 558 2752 nutum
578 2715 661 2752 mors
682 2698 737 2766 agit
754 2699 808 2752 ista
826 2715 930 2764 suum,

143 2786 227 2842 Pone
246 2799 309 2843 tuas
327 2791 493 2860 lacrymas,
511 2809 664 2862 vanosque
683 2790 826 2861 intercipe
849 2791 956 2856 fletus,

211 2881 306 2954 Quale
329 2882 369 2934 illi
389 2884 503 2950 suerat,
522 2893 554 2937 tu
572 2901 693 2955 quoquc
713 2898 824 2953 corpus
843 2881 947 2936 habes.

143 2973 235 3049 Quod
253 2983 351 3035 tamen
373 2975 423 3028 hic
439 2975 558 3044 juvenis
579 2975 684 3030 cecidit
702 2975 846 3045 viridique
865 2975 920 3028 sub
940 2993 1023 3043 aevo,
1073 3025 1075 3028 Α

209 3067 341 3122 Vertitur
360 3068 389 3121 in
407 3069 552 3138 lacrymas
565 3078 673 3133 ¹nostra
692 3070 832 3122 Camoena
852 3085 957 3122 novas.

142 3161 199 3214 Sed
216 3169 266 3228 tu,
290 3161 339 3232 qui
358 3161 480 3229 transis,
499 3163 618 3229 saltem,
636 3169 668 3214 ut
685 3161 841 3231 tranquilla
862 3162 1015 3231 quiescant

210 3253 306 3320 Ossa,
326 3264 427 3323 petes,
446 3254 595 3324 lacrymus
615 3253 655 3306 nil
677 3255 757 3325 cupit
775 3254 823 3307 ille
842 3263 917 3307 tuas

141 3344 238 3416 thue
258 3346 356 3415 aliquo
376 3363 494 3400 sacrum
514 3347 593 3406 cultu
612 3363 756 3400 venerere
777 3346 987 3415 sepulchrum,

210 3437 346 3511 Quatuor
365 3437 490 3493 admissa
510 3440 639 3492 carmina
658 3440 757 3498 fronte
775 3439 873 3506 legas:

141 3527 197 3581 Hic
210 3530 291 3597 jacet
310 3530 456 3584 extinctus
475 3533 588 3588 validus
606 3531 742 3586 «Iacobus
762 3531 791 3584 ln
809 3531 910 3596 anniS,

208 3620 261 3674 Vir
278 3622 376 3676 bonus
397 3632 425 3676 et
441 3639 548 3690 magno
567 3624 725 3694 presbyter
745 3624 873 3694 ingenio.

142 3711 220 3786 Qui,
239 3713 263 3766 si
284 3714 407 3781 divitiis,
425 3731 545 3769 morum
563 3716 709 3786 probitate
728 3719 776 3772 vel
796 3717 877 3771 annis
903 3753 904 3756 =

209 3805 333 3859 Restitui
352 3817 455 3879 posset
472 3807 548 3875 vita,
567 3819 718 3879 superstes
739 3818 809 3863 crat.

168 3981 195 4045 s)
215 3988 247 4032 lm
266 3987 364 4033 Urlext:
382 3987 503 4046 paruisse.
