2640 4634
557 354 766 428 Heroicum.

158 548 232 602 Cum
251 564 346 618 sopor
357 589 365 615 ‚
385 558 471 619 atque
491 549 598 616 farina,
625 551 765 619 lucerna,
785 554 931 623 disertus,
955 558 1071 629 offella,

160 641 238 694 adde
259 641 368 708 dicax,
391 643 582 712 stabilisque,
601 660 708 712 sagax,
727 647 906 718 odiumque,
924 656 1070 719 mamilla,

156 733 192 786 Et
209 734 316 787 lotium
336 745 364 788 et
385 737 499 804 fatuus,
519 738 664 807 siquidem
685 739 796 793 curulis
820 743 966 813 acerbus,

154 826 251 895 <lunge
263 829 361 880 femur
371 869 380 895 ,
389 830 480 896 vada,
494 847 593 900 aquae,
608 841 697 898 noto,
712 850 780 886 cnm
795 846 898 903 quater
911 837 983 891 addc
996 851 1166 914 (plantemus,

154 921 289 989 Cumque
308 919 380 972 fides
389 961 397 986 ,
417 921 598 992 vitiumque,
617 925 691 993 viri,
711 939 780 981 nato
789 969 798 995 ,
818 947 925 996 arena,
943 933 1069 1002 tigillus,

155 1015 304 1088 Quodque
324 1013 382 1066 abit
401 1031 439 1067 ex
458 1015 561 1083 signe,
581 1015 777 1089 ligul'amque,
795 1022 963 1092 bubulcus,
982 1045 1125 1098 acervus,

152 1107 189 1159 Et
207 1106 375 1174 stabulum,
393 1110 566 1176 varicosus,
586 1128 677 1178 anus,
698 1122 803 1181 coma,
818 1115 909 1183 junge
927 1120 1091 1189 numisma,

153 1200 217 1254 Huc
237 1201 364 1267 domuS,
382 1201 442 1254 huc
461 1202 585 1272 oculus,
604 1204 664 1256 huc
684 1207 808 1260 confers
826 1210 923 1262 lector
941 1227 1087 1267 omasum.

151 1334 288 1388 Deducta
310 1352 325 1388 a
345 1334 507 1404 brevibus,
529 1337 573 1389 sic
591 1338 782 1407 producenda
801 1350 940 1396 notantur

153 1427 282 1494 Regula,
296 1428 467 1496 jucunduS,
486 1439 632 1497 staturus,
652 1433 770 1498 secula,
789 1451 913 1503 vomer,

151 1521 312 1591 Vituper0‚
333 1537 453 1587 remus,
473 1532 536 1575 turn
555 1541 659 1590 casus,
674 1524 797 1593 junior,
814 1527 945 1596 humor,

152 1614 342 1683 Tegulaque,
361 1615 526 1681 humanus,
547 1616 636 1683 leg1s‚
657 1618 827 1687 lateramque
839 1660 848 1686 ,
867 1632 1000 1691 raptum,

151 1708 260 1760 Caseus
280 1716 309 1760 et
326 1718 424 1774 totus,
442 1708 543 1774 vocis,
557 1708 770 1778 jumentaque,
789 1711 884 1778 regis,

149 1801 274 1869 Viginti,
292 1799 397 1867 binus,
417 1801 530 1868 denus,
548 1801 661 1867 trinus,
683 1818 803 1872 quoque
821 1820 918 1858 nonus
927 1845 936 1872 ‚

150 1893 279 1961 Jugera,
298 1910 388 1960 vena,
408 1892 516 1962 quibus
535 1895 638 1961 sedes,
658 1904 686 1946 et
703 1878 846 1962 macore,
865 1905 968 1966 petus,

149 1986 266 2051 Serius,
292 1995 320 2037 et
337 2002 484 2076 nequam,
504 1986 622 2053 feralis,
645 1986 781 2053 sumina,
800 1986 899 2057 vires,

147 2079 327 2145 Vociferor,
350 2080 467 2145 fomes,
487 2079 615 2147 ceritas,
634 2079 732 2133 secius
752 2080 834 2134 addc.

146 2213 218 2267 Non
238 2229 292 2279 ego
315 2221 421 2265 cuncta
438 2229 508 2265 meo
519 2251 528 2278 ,
546 2211 644 2266 lector
663 2213 819 2283 quaerenda
838 2214 951 2284 laborej

146 2305 221 2360 Esse
239 2315 311 2374 puto
322 2345 331 2371 ,
351 2306 473 2359 restabit
492 2307 591 2373 enim,
611 2318 735 2360 ventura
754 2309 834 2377 quod
853 2319 921 2363 totas

147 2399 285 2472 Quaerat,
305 2408 334 2451 et
350 2408 382 2452 nt
400 2399 496 2452 studio
516 2400 673 2468 quisquam
692 2416 724 2454 se
746 2410 885 2454 exerceat
903 2402 963 2455 illo.

143 2532 171 2583 A
188 2518 247 2602 qao
268 2531 417 2583 deflexum
436 2544 536 2597 recto,
557 2532 709 2585 reducitur
728 2533 835 2586 isthuc.

144 2625 191 2678 Sic
208 2627 275 2693 lego
294 2623 324 2676 fit
342 2624 491 2689 legerem,
510 2623 566 2690 legi
586 2623 692 2691 legisse
711 2622 834 2693 parabit.

142 2719 329 2773 Praeteritum
349 2733 400 2770 sua
418 2733 546 2788 namque
564 2726 659 2785 tenet,
679 2733 730 2770 sua
754 2725 889 2787 tempora
907 2731 1047 2787 praesens.

141 2853 208 2921 Ipsa
228 2869 314 2905 suum
333 2851 463 2922 simplex
482 2852 619 2906 coeuntia
632 2851 701 2920 jura
720 2858 894 2920 sequuntur.
914 2837 917 2843 ¹

141 2944 232 3016 Quod
253 2945 277 2996 si
299 2945 376 2996 forte
394 2945 447 2998 tibi
467 2945 606 3015 primaria
624 2944 735 3013 syllaba
753 2943 839 2997 verbi

140 3036 288 3106 Simplicis
309 3036 406 3102 ignota
426 3045 489 3102 est,
510 3047 538 3090 te
559 3037 763 3107 compositura
781 3035 920 3101 docebit‚·

137 3129 260 3184 Ponere
279 3142 422 3195 praepono
441 3136 542 3194 notat,
563 3135 591 3180 et
612 3129 783 3182 conducere
802 3126 890 3180 duco.

138 3266 221 3330 Saepe
240 3275 295 3327 per
313 3265 491 3325 accentum,
511 3267 616 3328 quanta
636 3267 699 3325 est,
718 3267 746 3311 te
766 3255 876 3325 syllaba
898 3255 978 3307 fallit.

138 3351 328 3422 Corporibus
350 3350 472 3418 dicens,
488 3368 529 3421 po
548 3361 669 3419 negaret
686 3347 741 3420 (ut'
753 3347 812 3414 est)
830 3347 923 3400 breve
942 3346 1115 3417 quisquam,

137 3445 194 3499 Sed
211 3454 243 3496 tu
261 3442 420 3512 protuleris
438 3443 531 3496 modo
552 3444 709 3514 corporis,
729 3442 808 3494 illico
828 3455 957 3504 nosces,

136 3539 215 3592 Nam
235 3551 376 3589 numerus
395 3534 490 3588 verbo
512 3535 636 3588 nimium
655 3536 679 3589 si
700 3533 869 3589 excreverit
888 3531 956 3598 ulli,

136 3631 169 3683 In
187 3629 308 3682 brevius
328 3620 448 3696 redige,
468 3638 516 3717 aut
533 3628 587 3682 alia
605 3628 667 3682 hoc
686 3645 743 3698 ope
762 3627 854 3679 nitere
875 3626 982 3678 lector.

136 3777 179 3830 Fit
197 3776 290 3830 breve
312 3778 533 3846 compositum,
551 3792 684 3847 persaepe
704 3792 741 3829 ex
760 3775 886 3846 simplici
905 3775 1017 3840 longo,

135 3870 256 3936 Agnitus
274 3870 335 3922 hoo
353 3878 516 3936 monstrat,
538 3886 607 3922 cum
624 3869 779 3938 pronuba,
799 3877 828 3920 ct
846 3867 972 3932 innuba,
991 3867 1087 3917 lector

135 3961 256 4017 Deierat
274 3978 290 4014 a
307 3961 396 4033 siref,
414 3964 457 4018 sic
476 3962 545 4016 inlio
555 4001 564 4028 ,
585 3960 669 4016 suffio
690 3963 808 4015 cedunt.
