2640 4634
381 350 382 355 ἵ
477 400 525 451 an
548 378 783 462 Hutteneto,
1088 407 1133 457 er

279 570 363 632 inter
386 580 418 631 et
439 571 572 652 equales
588 568 695 651 vigui,
727 580 943 655 quantumque
961 575 1134 652 recordor,

204 703 211 717 ·
278 671 389 732 Indole
406 691 458 731 me
475 688 568 732 nemo
584 669 735 732 liberiore
751 669 821 732 fuit.

126 779 236 834 Mors.
276 771 346 833 Jem
376 768 477 842 minus
504 768 655 844 admiror,
704 791 804 852 genus
833 772 894 832 hoe
922 769 983 834 sibi
1012 795 1135 854 semper

798 870 939 950 ineptum

278 969 451 1046 Promittis,
471 972 557 1032 nullo
577 982 721 1050 tempore
736 992 831 1051 posse
846 971 938 1034 mori.

277 1071 339 1132 sen
356 1091 413 1132 eur
431 1073 514 1132 nulle
532 1091 616 1133 meas
632 1083 831 1134 remorantur
845 1071 980 1133 cannino
996 1070 1102 1133 vires?

276 1169 345 1232 Cur
366 1170 458 1232 etiarn
471 1182 558 1232 rates
577 1171 695 1249 spicula
715 1183 822 1234 nostra
838 1170 983 1259 Petunti„

124 1277 216 1329 Hutt.
273 1269 324 1330 Nil
342 1269 433 1331 nobis
446 1272 566 1336 tuatela
577 1282 709 1345 nocent,
730 1271 823 1354 quid,
843 1293 951 1344 avaro,
968 1270 1135 1352 superbis?

215 1390 224 1404 ·2
276 1369 412 1444 Desine,
432 1371 507 1432 dum
524 1382 613 1450 eapte
628 1383 732 1434 cetera
749 1373 820 1453 lege
837 1375 972 1454 sequor!

276 1468 370 1532 Paene
383 1491 467 1548 'puer
482 1471 583 1534 varias
603 1483 729 1552 gentos,
748 1484 781 1534 ot
798 1472 932 1550 plurima
946 1471 1013 1532 vidi

275 1569 416 1649 Oppido,
436 1566 570 1638 fortune
588 1571 692 1632 victor
708 1571 829 1654 ubique
843 1573 950 1635 trucis.

274 1670 354 1730 Nam
369 1668 444 1731 mihi
456 1671 525 1748 plus
541 1671 607 1733 aliis
621 1667 708 1734 ¹sevit
719 1672 789 1734 Dea
804 1692 897 1747 crece,
922 1691 982 1734 nee
996 1689 1134 1752 unquam

165 1809 169 1814 ·
274 1768 390 1843 Desiit,
410 1770 546 1853 indignis
566 1770 727 1851 exagitare
743 1770 856 1843 modis,

123 1878 234 1934 Mors·
275 1867 344 1930 Cur
362 1889 427 1930 non
452 1882 483 1932 et
502 1871 627 1953 generis
644 1873 739 1933 velles
762 1870 957 1944 meminisse,
977 1868 1065 1951 quod
1081 1868 1133 1928 illo

253 2011 255 2014 <
277 1967 401 2030 Cian'or
417 1981 448 2035 et
462 1991 548 2033 mors
563 1983 628 2047 est,
648 1984 680 2034 et
694 1983 748 2040 tua
762 1971 826 2032 vita
842 1969 929 2039 fuit?

123 2076 216 2130 Hutt.
272 2069 346 2130 Non
365 2070 463 2148 pudet
477 2069 623 2152 ingenuis
641 2073 721 2133 adeo
736 2070 887 2132 natalibus
907 2080 1026 2142 ortum,

276 2170 318 2230 Ut
335 2167 451 2231 fuerim
470 2170 571 2249 patrio
594 2170 746 2253 sanguine
756 2171 900 2238 Francus
919 2171 1038 2251 Eques,
1137 2189 1140 2199 ·

276 2269 339 2330 Sed
357 2268 431 2330 mihi
450 2273 518 2348 plus
536 2293 617 2332 curro
634 2271 708 2346 fuit,
729 2282 765 2332 ut
785 2268 970 2352 generosior
988 2287 1088 2337 essem

211 2412 215 2422 .
275 2367 389 2431 Divitis
410 2372 530 2432 uternis
550 2372 675 2434 dotibus
692 2370 822 2452 ingenii.

227 2513 234 2530 .
260 2469 362 2557 ¹Quid
388 2480 491 2532 tamen
518 2473 579 2532 hoe
611 2471 762 2550 prodest,
794 2482 962 2553 postquem
987 2485 1046 2536 nos
1076 2462 1133 2526 ista

797 2583 955 2641 tenemus,

275 2667 408 2744 Omnia,
428 2689 486 2731 ceu
505 2669 582 2731 forti
603 2681 691 2748 eapte
710 2681 827 2750 tropea
844 2689 949 2730 manu.

209 2815 216 2833 .
274 2768 419 2857 Corpus,
474 2791 585 2846 avere,
630 2781 718 2832 tenes
763 2771 917 2842 clausum,
964 2775 1135 2842 tenensque

798 2871 962 2950 sepulcro,

274 2970 332 3032 Me
351 2990 421 3033 meo
438 2991 510 3034 eum
529 2971 650 3052 superis
670 2970 734 3032 vita
753 2981 912 3050 superstes
931 2967 1034 3031 habet.

122 3079 233 3134 Mors.
272 3069 421 3132 Nondum
434 3071 529 3151 digne
543 3071 615 3133 satis
629 3071 698 3132 vitae
712 3071 837 3132 miraela
853 3078 1003 3149 peracte,

277 3169 374 3249 Queis
393 3171 445 3229 vei
464 3170 565 3230 adhuc
583 3170 684 3249 possis
706 3169 833 3241 vivere,
852 3167 934 3229 foeta
952 3165 1063 3224 refers.

123 3277 216 3339 Hutt.
272 3268 378 3330 Prima
393 3267 576 3331 rudimentis
592 3271 694 3334 clansa
709 3277 756 3327 est
771 3262 960 3344 juvenilibus
977 3273 1066 3335 aetas,

274 3369 379 3451 Digne
393 3366 464 3437 viro
482 3365 580 3448 gessit
599 3386 730 3445 munera
748 3363 813 3425 vita
832 3382 978 3448 sequens.

274 3469 354 3530 Num
372 3466 477 3546 patrie
498 3466 620 3540 leudes,
641 3476 672 3525 et
691 3463 839 3525 libertatis
859 3464 1007 3541 adempte

273 3570 366 3642 Jnre,
386 3589 495 3640 mann,
516 3569 650 3640 salumn,
671 3564 796 3627 fortiter
817 3563 951 3642 adserui¹

121 3678 236 3746 Mors.
276 3663 1134 3749 Quesleudes?quaejurarefers‘iqnibusadserisarmis?

161 3835 164 3837 ,
277 3770 329 3839 Au
349 3766 466 3829 meritis
486 3764 573 3846 eguit
595 3766 749 3828 Teutonis
770 3788 826 3828 ora
846 3765 917 3826 tuis.

117 3879 218 3945 Hutu
274 3867 381 3934 Inclita
402 3867 574 3928 Pontifices
595 3868 761 3928 Germania
780 3887 869 3947 posse
888 3876 1036 3944 tyrannos
1077 3937 1082 3942 ¹

275 3969 349 4031 Non
368 3977 486 4036 tantum
507 3977 554 4036 est
571 3969 689 4036 meritis
707 3968 776 4040 ¹uisu
797 3967 922 4049 eguisse
940 3963 1028 4044 meisi

884 4216 897 4247 ¹..
