2670 4628
516 408 797 505 Epigrammata.
1095 419 1158 495 177
1200 432 1204 438 ’

150 613 256 692 Atque
284 603 395 687 aliquis
420 614 583 675 memens,
616 616 675 660 nec
701 600 741 661 sit
765 598 831 663 sine
861 602 984 666 Caesare
1007 595 1158 684 mundus,

225 706 328 786 Elegit
349 705 471 765 Gallum
491 701 622 774 Caesaris
644 721 713 761 esse
732 704 815 764 loco.

152 808 292 873 Maxima
310 827 377 878 res,
407 824 513 886 neque
534 815 564 864 te
583 803 740 884 Pasquille
761 803 894 884 peritior
913 806 1004 879 alter,

169 978 172 985 7
226 907 287 971 Dic
305 904 446 980 tandem,
477 915 563 965 vates
584 904 724 984 optime:
759 903 863 967 Caesar
881 905 937 966 ubi
956 904 1028 966 est?

586 1114 752 1133 m.

477 1275 835 1371 Pasqusslus

156 1451 246 1512 Pone
266 1457 382 1507 metum
401 1426 545 1509 Romane
565 1454 621 1507 tuo
645 1446 685 1507 de
708 1446 849 1522 Caesare,
880 1448 958 1509 vivit
965 1494 973 1524 ,

115 1535 121 1549 ’
232 1550 300 1609 Ulla
320 1546 398 1615 fides
418 1565 460 1618 err
478 1567 528 1607 me
549 1547 588 1607 sit
606 1546 680 1620 tibi,
709 1547 790 1608 vivit
809 1549 918 1610 adhuc.

158 1649 216 1710 Vis
237 1650 316 1709 ultra
334 1665 460 1724 sperare
480 1645 621 1726 aliqmd?
653 1646 740 1706 venit
758 1649 819 1708 hoc
839 1667 901 1728 ego
921 1659 1023 1721 vates,

234 1750 307 1828 Quo
328 1745 424 1806 ratius
444 1743 586 1825 loquitur
605 1742 755 1821 Delphica
773 1744 855 1804 sama
873 1745 960 1806 nihil.

159 1850 324 1930 Pugnaces
345 1846 488 1906 revolant
507 1843 634 1924 amulae,
668 1842 734 1903 vidi
755 1843 822 1922 ipse
843 1846 1001 1917 volantes,

236 1950 277 2008 Et
296 1959 363 2007 tota
381 1943 537 2006 horribilis
559 1929 707 2024 spargere
728 1943 765 2003 ab
789 1945 856 2022 alpe
876 1943 984 2005 minas.

161 2047 246 2129 Quid
274 2046 395 2128 gemitis
420 2043 540 2107 Veneti
569 2043 715 2105 tandem?
747 2044 824 2127 quid
850 2043 936 2105 Galle
958 2044 1135 2109 tremiscis?

236 2148 312 2206 Haec
331 2167 392 2228 ego
411 2168 478 2208 non
497 2143 565 2208 dixi
585 2165 666 2224 saepe
688 2143 795 2207 futura
814 2144 929 2224 prius?

599 2349 763 2365 m

237 2518 306 2586 De
347 2514 551 2608 quodam
588 2510 643 2584 in'
668 2510 814 2584 Italia
851 2532 1105 2590 conventu.

167 2682 280 2747 Omnia
298 2682 483 2753 miscentur,
512 2674 712 2740 confodimus
731 2677 836 2741 infima
855 2680 998 2755 summis,

242 2783 398 2854 Partitur,
427 2776 569 2862 quisquis
588 2799 655 2841 non
674 2799 730 2840 sua
750 2798 847 2862 regna
865 2792 962 2840 tenet.

168 2882 366 2946 Abstrahitur
385 2877 510 2941 Latium
530 2900 563 2940 se
586 2870 673 2941 cluso
694 2900 711 2939 a
736 2879 875 2954 Caesare,
902 2881 998 2942 donat

243 2983 315 3039 Hoc
338 2980 448 3059 aliquis
468 2976 620 3054 Venetis,
648 2981 709 3040 hoc
728 2980 784 3041 tibi
805 2982 892 3041 Galle
911 2979 1031 3060 aliquis.

174 3077 358 3156 Oppositum
376 3078 510 3148 molem,
535 3074 727 3156 iniectasque
747 3089 781 3136 ut
803 3089 937 3136 transeat
958 3075 1070 3152 alpeis,

247 3175 311 3233 Has
330 3173 450 3254 Aquilae
469 3194 587 3253 pennas
608 3172 678 3254 quis
700 3174 770 3232 satis
790 3194 858 3233 esse
878 3173 988 3252 putet?

769 3265 781 3297 6

608 3376 772 3394 m

316 3537 366 3613 In
390 3540 606 3616 Venetos
626 3539 722 3642 jam
748 3538 1028 3622 exultantes.

177 3710 317 3772 Desinite
335 3710 377 3770 ob
397 3729 503 3772 casum
522 3709 640 3772 Veneti
662 3714 802 3773 exultare
820 3696 970 3793 repente,
1020 3714 1022 3718 ⁴

253 3812 328 3889 Quae
346 3812 474 3873 fortuna
492 3812 576 3873 bona
596 3823 660 3885 est,
678 3810 767 3894 itque
786 3810 930 3896 reditque
950 3815 1023 3876 cito.

127 3974 128 3977 ,
178 3907 324 3989 Armiger
342 3910 399 3970 iste
419 3911 527 3986 lovis,
548 3912 603 3993 qui
623 3911 738 3972 lumine
758 3911 874 3975 dormit
892 3925 1019 3993 aperto,

254 4008 383 4070 Sublimi
402 4011 493 4072 vobis
514 4011 654 4075 imminet
673 4031 692 4072 e
712 4015 857 4092 specula:

231 4131 296 4176 uun.
314 4131 358 4189 op.
376 4132 403 4181 τ.
422 4133 441 4179 r.
781 4124 829 4200 ι12
