2670 4628
507 401 785 510 Epigrammata.

311 610 379 681 De
415 607 616 681 Venetis
652 618 696 680 et
730 604 994 680 Germanis.

192 779 317 839 Tollere
336 799 399 856 pax
418 778 582 852 Venetos,
613 778 785 838 Germanos
808 794 892 837 arma
910 778 1062 838 solebant.

264 879 493 961 Ingeniumque
513 899 604 938 suum
624 876 747 956 pondus
773 875 917 957 utrisque
944 877 1046 938 dabat.

125 985 128 994 ⁴
192 980 358 1042 Mutantur
374 994 496 1052 mores,
524 976 730 1060 nequeenim
750 967 917 1037 Germania
936 988 1073 1058 pugnat,

158 1090 163 1101 '
262 1080 420 1159 Armaque
443 1089 614 1139 tatemere
636 1075 776 1138 conseris
794 1075 870 1135 urbs
889 1076 1061 1139 venetum.

189 1178 222 1240 Si
240 1177 312 1240 licet
330 1177 375 1238 ire
396 1188 500 1251 retro,
529 1176 649 1238 vicibus
671 1177 741 1237 date
760 1186 867 1237 mutua
885 1176 1000 1250 versis,

263 1279 327 1339 Res
347 1287 422 1338 tunc
442 1277 625 1351 Germanis,
649 1298 699 1338 res
719 1276 778 1337 erit
797 1287 830 1337 et
849 1276 991 1339 Venetis.

579 1500 742 1517 nnana—nnn

149 1686 198 1758 ln
223 1684 407 1775 Gallus,
441 1683 660 1758 Caesarem
686 1682 840 1786 sugere·
867 1701 1157 1769 commentos,

186 1854 301 1915 Solaris
319 1862 350 1913 te
371 1854 457 1914 Galle
475 1854 587 1928 miser,-
617 1853 673 1915 tibi
692 1845 806 1936 gaudia
824 1857 935 1936 fingis,

258 1955 333 2014 Haec
351 1952 430 2033 petis
449 1953 482 2015 in
500 1954 603 2014 media
621 1956 784 2016 commoda
803 1955 934 2017 tristitia.

185 2054 293 2133 Fingis
313 2054 412 2128 enim,
437 2054 596 2137 rebusque
614 2055 676 2115 tuis
694 2057 796 2116 laetum
815 2054 941 2116 instruis
962 2075 1073 2130 omen,-

260 2156 333 2229 Qno
353 2154 423 2235 quis
441 2165 473 2214 te
492 2153 526 2214 in
543 2156 663 2233 populo
684 2175 749 2215 non
769 2165 859 2233 putet
878 2153 936 2214 ista'
957 2146 1032 2232 pati.

183 2250 285 2334 Finge
306 2253 452 2334 quidem,
481 2275 633 2335 casusrpre
652 2266 724 2314 tuos
743 2256 843 2314 solare
861 2252 1046 2332 premendos

258 2355 383 2415 Interea
400 2351 503 2414 Caesar
523 2353 597 2414 dum
616 2364 704 2436 gerat
722 2353 780 2413 ista
797 2363 914 2426 tamen,

182 2456 223 2518 Et
242 2473 337 2536 quem
356 2463 390 2512 tu
409 2451 504 2529 jactas
522 2454 655 2532 abrupto
675 2451 831 2513 excedere
849 2451 952 2526 bello,

255 2555 379 2616 Haereat
400 2552 432 2614 in
452 2564 562 2635 terge,
590 2553 673 2616 caede
692 2572 849 2636 manuque
869 2563 939 2614 tuo·

571 2768 738 2802 *a*

355 2952 448 3026 Pro
483 2944 729 3046 Pasquillo
765 2953 935 3030 Romam

177 3119 282 3186 Anxia
300 3121 430 3182 lustrato
449 3130 615 3203 postquam
634 3140 711 3201 gens
731 3098 807 3183 Itala
824 3118 945 3186 mund'u

254 3215 421 3284 Consuluit
440 3230 544 3296 vates,
565 3221 785 3303 consuluitque
804 3222 892 3285 deos.

66 3332 69 3338 '
179 3323 275 3405 Quod
292 3325 371 3383 male
390 3322 583 3402 respondent
601 3332 703 3393 vates,
733 3321 909 3402 Pasquille,
932 3316 1067 3406 deique,-

256 3425 304 3482 'l'e
326 3433 437 3503 rogat,
466 3422 578 3481 amisso
603 3419 747 3492 Caesare,
777 3417 885 3481 Caesa‘r'
899 3422 953 3482 uhi
973 3423 1046 3484 est?

179 3520 275 3584 Certa
295 3542 354 3582 nee
373 3522 488 3581 accessi
506 3521 649 3582 referunt
670 3520 796 3583 oracula
813 3519 944 3602 Delphi,

252 3623 320 3682 Nee
338 3617 488 3683 Dodonei
507 3621 584 3680 silva
602 3633 716 3680 canora
735 3619 839 3682 Joviss·

177 3718 290 3783 Omnia
308 3721 421 3798 templa
440 3719 546 3791 silent,
571 3721 674 3780 nullus
694 3716 776 3779 canit
795 3710 898 3780 abatta
916 3720 1022 3793 vates,-

250 3821 321 3900 lpse
341 3824 423 3880 tacet
442 3817 565 3896 Lybieo
587 3819 735 3900 eorniger
755 3819 834 3879 orbe
855 3817 943 3877 deus.

176 3916 218 3981 Ut
236 3920 360 3980 tandem
378 3916 532 3991 inveniat,
556 3918 635 3977 mira
654 3917 814 3979 Florentia
831 3926 921 3976 motu
927 3950 939 3990 ,=

250 4017 328 4080 Visa
345 4028 394 4078 est
412 4016 473 4079 iam
492 4017 578 4078 claro
596 4020 663 4080 sole
683 4014 905 4079 tulisse-:iaces
