2640 4634
408 262 418 289 Ι

143 384 215 459 284
300 352 302 360 ⁴
450 376 493 450 In
515 373 686 449 Laudem
702 370 838 447 Alberti

110 642 113 647 ¹
143 577 347 646 virtutemque
368 574 451 629 ducis
468 589 559 628 versu
577 587 628 626 sua
647 584 717 625 saxa
735 568 905 638 toquenmr.

143 671 211 726 lloc
228 670 296 724 vivo
317 667 413 737 stetit,
435 668 497 722 hoc
516 664 623 720 cecidit
641 661 801 720 Germania
819 660 911 731 lapso.

142 763 198 820 Me
216 772 296 817 tanto
315 762 439 832 spoliata
455 760 539 826 viro,
562 759 676 813 viduata
695 763 815 826 parente

144 856 214 930 Quo
234 856 363 909 referam
381 853 507 927 superi?
527 862 617 922 tuque
637 867 673 917 o,
693 849 739 904 cui
758 836 853 919 prima
870 864 1008 904 meorum

131 949 222 1017 ,Cura
242 948 312 1015 fuit,
331 947 378 1001 cui
397 946 490 1016 prima
509 944 574 998 dedi
593 943 731 998 libamina
750 957 870 1011 semper

75 1020 77 1024 Ι
142 1041 230 1096 Mars
249 1051 347 1111 pater,
365 1042 442 1093 unde
461 1038 550 1105 milti,
570 1047 711 1108 quantum
728 1034 794 1091 hae
814 1034 888 1104 rapit
905 1034 981 1087 bora
998 1033 1121 1090 redibit.
1151 1100 1157 1105 ,

143 1134 269 1200 Infelix,
289 1115 353 1204 quae
372 1133 456 1204 culpa
476 1148 542 1184 mea
562 1133 629 1185 est?
651 1146 710 1200 quo
731 1128 854 1182 erimine
873 1128 954 1197 laesi,

144 1226 211 1300 Qua
229 1244 289 1280 non
310 1225 442 1280 demerui
462 1240 589 1298 superos
608 1223 714 1295 pietate
732 1220 869 1291 fideque?

144 1319 235 1393 Quod
253 1321 360 1388 genui,
377 1319 516 1388 genuisse
533 1318 655 1398 volens,
680 1316 828 1382 avellitur,
848 1314 876 1369 in
894 1332 954 1385 quo

143 1412 232 1483 Spem
251 1413 355 1482 posui,
374 1412 502 1482 rapitur,
522 1410 681 1480 stygiisque
702 1410 886 1476 immergitur
903 1410 1005 1478 undis,

142 1504 210 1560 Nec
228 1505 326 1559 scelus
343 1504 423 1571 hoc,
443 1505 533 1556 fatum
553 1514 613 1569 est,
632 1512 659 1555 at
677 1519 738 1556 non
759 1503 887 1557 Briareia
907 1507 1056 1574 quondam

144 1599 221 1651 Cum
240 1607 376 1667 poterent
393 1606 541 1653 tormenta
558 1595 687 1663 Jovem,
708 1606 886 1668 centumque
904 1597 1032 1653 lacertos

144 1690 297 1745 Tenderet
316 1692 456 1760 Aegeon,
475 1690 603 1747 Pindum
619 1689 766 1759 jaculatus
786 1700 814 1743 et
833 1690 941 1745 Ossan.

61 1813 63 1817 ν
143 1781 280 1838 Mitteret
297 1783 465 1838 Enceladus
484 1783 647 1854 scopum,
666 1782 836 1854 fureretque
856 1774 1028 1856 Typhoeus,

143 1875 205 1932 Iret
223 1877 251 1932 in
271 1878 413 1933 adversos
432 1876 526 1949 pubes
545 1875 661 1931 Titania
681 1875 792 1943 coelos,

144 1969 318 2040 Oppugnata
336 1986 422 2025 meos
442 1969 579 2024 concessi
600 1969 627 2022 in
647 1968 743 2024 sidera
767 1979 894 2025 montes.

144 2062 199 2118 Me
218 2063 376 2130 miseram,
399 2063 479 2134 quod
499 2080 560 2117 non
578 2062 661 2115 volui
679 2073 792 2116 tentare
812 2073 935 2135 repente

146 2156 259 2208 Cuncta
279 2157 359 2224 prius
378 2166 495 2226 perte,
516 2157 667 2224 fatumque
689 2155 817 2223 anteire,
838 2157 952 2227 tuisque

144 2246 265 2300 Viribus
283 2248 318 2300 ad
337 2249 451 2316 majora
470 2247 545 2315 frui,
569 2265 633 2318 quae
651 2249 742 2302 multa
762 2250 891 2308 fuissent.

145 2340 213 2396 Hoc
233 2357 288 2408 ego
308 2340 454 2393 debebam
472 2341 599 2395 Venetas
622 2342 730 2396 intrare
752 2336 890 2414 paludes,

144 2433 213 2488 Hoc
233 2434 307 2487 duce
327 2434 473 2487 debebam
493 2435 642 2515 Celtarum
662 2436 822 2492 excindere
844 2438 982 2507 fraudes,

145 2526 317 2582 Turcarum
338 2527 453 2581 calcare
472 2529 575 2596 nefas,
596 2530 755 2600 Asiamque
776 2521 912 2602 pudendo

143 2619 266 2675 Exuere
286 2621 432 2691 imperio,
457 2631 484 2674 et
503 2632 675 2691 congestam
693 2623 842 2676 abducere
861 2622 990 2694 praedam

144 2713 276 2769 Bistonia
296 2714 416 2768 Thrace
435 2715 636 2787 locupletique
655 2716 860 2786 Hellesponto.

145 2805 259 2858 Verum
279 2805 361 2859 aliter
379 2808 475 2860 visum
495 2804 627 2880 superis,
649 2817 736 2878 teque
755 2796 863 2877 inclyte
883 2809 1003 2874 victor,
1048 2790 1052 2797 ¹

144 2897 251 2952 Invidit
270 2898 388 2952 fortuna
406 2898 496 2967 mihi,
511 2900 670 2970 'rapuitque
690 2892 828 2954 laborum

144 2988 179 3044 In
197 2989 296 3044 medio
317 3007 406 3044 cursu
424 3000 455 3044 tu
474 2992 552 3047 furvi
575 2993 680 3063 pallida
699 2992 776 3046 Ditis

144 3083 247 3151 Regna
266 3087 368 3156 petes?
386 3084 550 3161 stygiaeque
569 3086 695 3140 domus?
715 3095 742 3139 et
762 3084 866 3156 pallida
883 3085 981 3142 noctis
1024 3071 1026 3075 ⁵
1088 3146 1091 3151 ,
1123 3072 1127 3085 ’

143 3179 259 3232 Antra?
279 3177 661 3249 tenebrosasque'specus?
681 3179 855 3251 penitusque
873 3181 977 3238 latebis
1065 3166 1069 3189 ⁵
1158 3181 1164 3195 ’

145 3268 231 3323 Orbe
251 3269 306 3323 alio
330 3269 416 3322 claris
434 3270 525 3324 heros
544 3266 644 3343 er'epte
663 3272 826 3343 trophaeis?
866 3264 870 3271 ¹
1117 3262 1120 3269 ¹
1156 3332 1161 3339 ,

146 3358 222 3434 Quis
240 3362 321 3414 volet
339 3362 396 3414 hos
413 3347 696 3418 vultus'fabrcfacto
716 3364 853 3433 effingere
872 3358 901 3420 in
921 3367 1016 3420 auro?
1110 3352 1113 3359 ⁵
1151 3438 1155 3445 Ι
1173 3348 1177 3357 ⁵

144 3453 304 3508 Marmore
323 3448 505 3522 seu'Pnrio,
527 3457 632 3510 fusore
653 3459 782 3511 animare
801 3458 945 3535 metallo?
961 3442 965 3451 ¹
1003 3441 1025 3469 “³
1048 3458 1062 3467 ''
1081 3444 1084 3449 Ι
1100 3444 1124 3477 ⁵²·
1173 3460 1176 3467 '

145 3544 208 3600 Vos
225 3563 316 3599 unum
336 3547 467 3621 praebete
485 3549 616 3616 mihi,si
636 3551 731 3604 debita
750 3569 863 3623 posco,
1042 3625 1045 3631 ¹

144 3636 175 3693 si
192 3655 253 3693 non
272 3640 343 3693 falsa
359 3656 429 3694 aneo
451 3650 493 3694 est
512 3645 657 3712 promissa
675 3646 806 3716 potentia
824 3636 952 3700 Rheno
1053 3628 1068 3641 ἰ

145 3730 257 3797 Orbis,
277 3739 306 3784 et
324 3732 481 3804 imperium
500 3737 616 3805 mundi,
635 3738 737 3793 sinon
756 3756 822 3792 mea
841 3739 927 3793 tellu's

145 3823 274 3893 Phlegra
293 3826 346 3878 fuit
364 3826 483 3898 superi,
501 3828 603 3882 saltem
620 3830 682 3886 h'oe
701 3816 877 3898 concedite,
897 3837 986 3884 restet

145 3917 208 3970 llac
229 3919 265 3971 de
285 3918 374 3989 stirpe
393 3920 464 3974 mihi
483 3920 624 3991 soboles,
645 3942 702 3995 qua
721 3924 811 4001 fidere
830 3923 958 3995 possim,

148 4010 300 4083 solarique
319 4011 425 4083 inopes
442 4028 532 4081 casu,
556 4014 620 4070 date
632 4006 780 4090 'sangnine
793 4002 845 4074 ab
856 4002 912 4074 is'to
960 4020 963 4025 '
