<?xml version="1.0" encoding="UTF-8"?>
<!DOCTYPE html PUBLIC "-//W3C//DTD XHTML 1.0 Transitional//EN"
    "http://www.w3.org/TR/xhtml1/DTD/xhtml1-transitional.dtd">
<html xmlns="http://www.w3.org/1999/xhtml" xml:lang="en" lang="en">
 <head>
  <title>
</title>
<meta http-equiv="Content-Type" content="text/html;charset=utf-8" />
  <meta name='ocr-system' content='tesseract 3.04.00' />
  <meta name='ocr-capabilities' content='ocr_page ocr_carea ocr_par ocr_line ocrx_word'/>
</head>
<body>
  <div class='ocr_page' id='page_1' title='image "./ulrichiabhutten01mngoog_0271.png"; bbox 0 0 2670 4628; ppageno 0'>
   <div class='ocr_carea' id='block_1_1' title="bbox 480 339 1123 466">
    <p class='ocr_par' dir='ltr' id='par_1_1' title="bbox 480 339 1123 466">
     <span class='ocr_line' id='line_1_1' title="bbox 480 339 1123 466; baseline 0.022 -26"><span class='ocrx_word' id='word_1_1' title='bbox 480 339 759 466; x_wconf 76' lang='lat' dir='ltr'>Epigrammata.</span> <span class='ocrx_word' id='word_1_2' title='bbox 1059 384 1123 458; x_wconf 80' lang='lat'>189</span> 
     </span>
    </p>
   </div>
   <div class='ocr_carea' id='block_1_2' title="bbox 117 557 1097 1139">
    <p class='ocr_par' dir='ltr' id='par_1_2' title="bbox 120 557 1097 746">
     <span class='ocr_line' id='line_1_2' title="bbox 120 557 1097 646; baseline 0.003 -18"><span class='ocrx_word' id='word_1_3' title='bbox 120 567 232 639; x_wconf 80' lang='lat' dir='ltr'>Victor</span> <span class='ocrx_word' id='word_1_4' title='bbox 252 582 329 636; x_wconf 84' lang='lat' dir='ltr'>ova,</span> <span class='ocrx_word' id='word_1_5' title='bbox 356 578 486 640; x_wconf 86' lang='lat' dir='ltr'>compos</span> <span class='ocrx_word' id='word_1_6' title='bbox 504 562 591 635; x_wconf 78' lang='lat' dir='ltr'>voti,</span> <span class='ocrx_word' id='word_1_7' title='bbox 621 560 776 642; x_wconf 84' lang='lat' dir='ltr'>suspende</span> <span class='ocrx_word' id='word_1_8' title='bbox 799 557 986 646; x_wconf 80' lang='lat' dir='ltr'>trophaeum,</span> <span class='ocrx_word' id='word_1_9' title='bbox 1095 602 1097 607; x_wconf 88' lang='lat'><em>·</em></span> 
     </span>
     <span class='ocr_line' id='line_1_3' title="bbox 193 661 847 746; baseline 0 -21"><span class='ocrx_word' id='word_1_10' title='bbox 193 668 272 726; x_wconf 86' lang='lat' dir='ltr'>Nam</span> <span class='ocrx_word' id='word_1_11' title='bbox 292 662 358 723; x_wconf 90' lang='lat' dir='ltr'>sine</span> <span class='ocrx_word' id='word_1_12' title='bbox 379 662 462 723; x_wconf 88' lang='lat' dir='ltr'>caede</span> <span class='ocrx_word' id='word_1_13' title='bbox 481 674 533 722; x_wconf 86' lang='lat' dir='ltr'>tua</span> <span class='ocrx_word' id='word_1_14' title='bbox 553 661 684 723; x_wconf 85' lang='lat' dir='ltr'>vicimus</span> <span class='ocrx_word' id='word_1_15' title='bbox 703 663 761 746; x_wconf 83' lang='lat' dir='ltr'>ista</span> <span class='ocrx_word' id='word_1_16' title='bbox 781 664 847 725; x_wconf 87' lang='lat' dir='ltr'>tibi.</span> 
     </span>
    </p>

    <p class='ocr_par' dir='ltr' id='par_1_3' title="bbox 118 752 1002 945">
     <span class='ocr_line' id='line_1_4' title="bbox 118 752 915 842; baseline -0.003 -13"><span class='ocrx_word' id='word_1_17' title='bbox 118 768 267 828; x_wconf 81' lang='lat' dir='ltr'>Mutuum</span> <span class='ocrx_word' id='word_1_18' title='bbox 287 764 320 822; x_wconf 90' lang='lat' dir='ltr'>in</span> <span class='ocrx_word' id='word_1_19' title='bbox 332 763 498 823; x_wconf 68' lang='lat' dir='ltr'>’interitum</span> <span class='ocrx_word' id='word_1_20' title='bbox 515 763 647 842; x_wconf 81' lang='lat' dir='ltr'>pastoris</span> <span class='ocrx_word' id='word_1_21' title='bbox 669 762 763 825; x_wconf 90' lang='lat' dir='ltr'>ovilia</span> <span class='ocrx_word' id='word_1_22' title='bbox 782 752 915 841; x_wconf 78' lang='lat' dir='ltr'>Christi,</span> 
     </span>
     <span class='ocr_line' id='line_1_5' title="bbox 192 862 1002 945; baseline 0.006 -19"><span class='ocrx_word' id='word_1_23' title='bbox 192 866 316 926; x_wconf 82' lang='lat' dir='ltr'>Nedum</span> <span class='ocrx_word' id='word_1_24' title='bbox 334 865 398 924; x_wconf 89' lang='lat' dir='ltr'>haec</span> <span class='ocrx_word' id='word_1_25' title='bbox 416 862 465 925; x_wconf 88' lang='lat' dir='ltr'>ille</span> <span class='ocrx_word' id='word_1_26' title='bbox 484 866 576 943; x_wconf 88' lang='lat' dir='ltr'>lupus</span> <span class='ocrx_word' id='word_1_27' title='bbox 596 865 760 945; x_wconf 81' lang='lat' dir='ltr'>perderet,</span> <span class='ocrx_word' id='word_1_28' title='bbox 791 865 859 945; x_wconf 88' lang='lat' dir='ltr'>ipsa</span> <span class='ocrx_word' id='word_1_29' title='bbox 878 869 1002 930; x_wconf 81' lang='lat' dir='ltr'>eadunt.</span> 
     </span>
    </p>

    <p class='ocr_par' dir='ltr' id='par_1_4' title="bbox 117 962 985 1139">
     <span class='ocr_line' id='line_1_6' title="bbox 117 962 985 1048; baseline 0.002 -21"><span class='ocrx_word' id='word_1_30' title='bbox 117 969 262 1029; x_wconf 83' lang='lat' dir='ltr'>Erratum</span> <span class='ocrx_word' id='word_1_31' title='bbox 281 976 343 1037; x_wconf 88' lang='lat' dir='ltr'>est,</span> <span class='ocrx_word' id='word_1_32' title='bbox 372 962 459 1023; x_wconf 86' lang='lat' dir='ltr'>socii.</span> <span class='ocrx_word' id='word_1_33' title='bbox 499 965 581 1024; x_wconf 83' lang='lat' dir='ltr'>Tum</span> <span class='ocrx_word' id='word_1_34' title='bbox 601 963 627 1025; x_wconf 92' lang='lat' dir='ltr'>si</span> <span class='ocrx_word' id='word_1_35' title='bbox 648 965 717 1046; x_wconf 88' lang='lat' dir='ltr'>quis</span> <span class='ocrx_word' id='word_1_36' title='bbox 736 967 851 1048; x_wconf 86' lang='lat' dir='ltr'>gaudet</span> <span class='ocrx_word' id='word_1_37' title='bbox 871 962 909 1027; x_wconf 81' lang='lat' dir='ltr'>ala</span> <span class='ocrx_word' id='word_1_38' title='bbox 927 967 985 1029; x_wconf 87' lang='lat' dir='ltr'>ista</span> 
     </span>
     <span class='ocr_line' id='line_1_7' title="bbox 194 1065 853 1139; baseline 0.002 -12"><span class='ocrx_word' id='word_1_39' title='bbox 194 1065 305 1139; x_wconf 80' lang='lat' dir='ltr'>Caede,</span> <span class='ocrx_word' id='word_1_40' title='bbox 330 1086 387 1126; x_wconf 91' lang='lat' dir='ltr'>suo</span> <span class='ocrx_word' id='word_1_41' title='bbox 407 1067 510 1126; x_wconf 86' lang='lat' dir='ltr'>laetum</span> <span class='ocrx_word' id='word_1_42' title='bbox 531 1084 563 1123; x_wconf 87' lang='lat' dir='ltr'>se</span> <span class='ocrx_word' id='word_1_43' title='bbox 582 1065 658 1125; x_wconf 88' lang='lat' dir='ltr'>sciat</span> <span class='ocrx_word' id='word_1_44' title='bbox 676 1084 744 1128; x_wconf 88' lang='lat' dir='ltr'>esse</span> <span class='ocrx_word' id='word_1_45' title='bbox 762 1069 853 1131; x_wconf 82' lang='lat' dir='ltr'>malo.</span> 
     </span>
    </p>
   </div>
   <div class='ocr_carea' id='block_1_3' title="bbox 440 1362 790 1454">
    <p class='ocr_par' dir='ltr' id='par_1_5' title="bbox 440 1362 790 1454">
     <span class='ocr_line' id='line_1_8' title="bbox 440 1362 790 1454; baseline 0 -2"><span class='ocrx_word' id='word_1_46' title='bbox 440 1374 505 1452; x_wconf 78' lang='lat' dir='ltr'>Ad</span> <span class='ocrx_word' id='word_1_47' title='bbox 544 1362 790 1454; x_wconf 73' lang='lat' dir='ltr'>Caesarem.</span> 
     </span>
    </p>
   </div>
   <div class='ocr_carea' id='block_1_4' title="bbox 113 1542 1017 2124">
    <p class='ocr_par' dir='ltr' id='par_1_6' title="bbox 115 1542 1017 1724">
     <span class='ocr_line' id='line_1_9' title="bbox 115 1542 1017 1625; baseline 0.002 -19"><span class='ocrx_word' id='word_1_48' title='bbox 115 1545 285 1606; x_wconf 84' lang='lat' dir='ltr'>Senserunt</span> <span class='ocrx_word' id='word_1_49' title='bbox 304 1542 442 1617; x_wconf 82' lang='lat' dir='ltr'>Veneti,</span> <span class='ocrx_word' id='word_1_50' title='bbox 474 1562 542 1625; x_wconf 67' lang='lat' dir='ltr'>(stiae</span> <span class='ocrx_word' id='word_1_51' title='bbox 562 1544 621 1604; x_wconf 87' lang='lat' dir='ltr'>sint</span> <span class='ocrx_word' id='word_1_52' title='bbox 640 1564 677 1604; x_wconf 86' lang='lat' dir='ltr'>ea</span> <span class='ocrx_word' id='word_1_53' title='bbox 697 1543 833 1619; x_wconf 87' lang='lat' dir='ltr'>somnia,</span> <span class='ocrx_word' id='word_1_54' title='bbox 864 1542 982 1624; x_wconf 83' lang='lat' dir='ltr'>Caesar,</span> <span class='ocrx_word' id='word_1_55' title='bbox 1014 1558 1017 1564; x_wconf 83' lang='grc'><strong>’</strong></span> 
     </span>
     <span class='ocr_line' id='line_1_10' title="bbox 189 1644 892 1724; baseline 0 -19"><span class='ocrx_word' id='word_1_56' title='bbox 189 1647 270 1724; x_wconf 80' lang='lat' dir='ltr'>Quae·</span> <span class='ocrx_word' id='word_1_57' title='bbox 284 1646 380 1705; x_wconf 93' lang='lat' dir='ltr'>modo</span> <span class='ocrx_word' id='word_1_58' title='bbox 404 1644 549 1704; x_wconf 82' lang='lat' dir='ltr'>dicebant</span> <span class='ocrx_word' id='word_1_59' title='bbox 566 1655 720 1721; x_wconf 80' lang='lat' dir='ltr'>perpetue</span> <span class='ocrx_word' id='word_1_60' title='bbox 737 1662 807 1703; x_wconf 89' lang='lat' dir='ltr'>esse</span> <span class='ocrx_word' id='word_1_61' title='bbox 825 1644 892 1705; x_wconf 89' lang='lat' dir='ltr'>tibi.</span> 
     </span>
    </p>

    <p class='ocr_par' dir='ltr' id='par_1_7' title="bbox 116 1741 1008 1926">
     <span class='ocr_line' id='line_1_11' title="bbox 116 1741 901 1823; baseline 0.001 -20"><span class='ocrx_word' id='word_1_62' title='bbox 116 1746 289 1807; x_wconf 70' lang='lat' dir='ltr'>&#39;santorum</span> <span class='ocrx_word' id='word_1_63' title='bbox 308 1760 404 1822; x_wconf 90' lang='lat' dir='ltr'>sopor</span> <span class='ocrx_word' id='word_1_64' title='bbox 422 1744 468 1804; x_wconf 93' lang='lat' dir='ltr'>his</span> <span class='ocrx_word' id='word_1_65' title='bbox 489 1743 586 1823; x_wconf 83' lang='lat' dir='ltr'>igitur</span> <span class='ocrx_word' id='word_1_66' title='bbox 602 1741 663 1801; x_wconf 83' lang='lat' dir='ltr'>suit</span> <span class='ocrx_word' id='word_1_67' title='bbox 682 1742 730 1801; x_wconf 91' lang='lat' dir='ltr'>illc</span> <span class='ocrx_word' id='word_1_68' title='bbox 749 1745 901 1804; x_wconf 77' lang='lat' dir='ltr'>malorum</span> 
     </span>
     <span class='ocr_line' id='line_1_12' title="bbox 189 1830 1008 1926; baseline 0.005 -22"><span class='ocrx_word' id='word_1_69' title='bbox 189 1843 309 1918; x_wconf 83' lang='lat' dir='ltr'>Causa,</span> <span class='ocrx_word' id='word_1_70' title='bbox 335 1844 422 1926; x_wconf 88' lang='lat' dir='ltr'>quod</span> <span class='ocrx_word' id='word_1_71' title='bbox 440 1845 519 1904; x_wconf 87' lang='lat' dir='ltr'>hanc</span> <span class='ocrx_word' id='word_1_72' title='bbox 537 1830 680 1924; x_wconf 55' lang='lat' dir='ltr'>redsaiem</span> <span class='ocrx_word' id='word_1_73' title='bbox 700 1862 765 1902; x_wconf 90' lang='lat' dir='ltr'>non</span> <span class='ocrx_word' id='word_1_74' title='bbox 783 1845 914 1903; x_wconf 86' lang='lat' dir='ltr'>voluere</span> <span class='ocrx_word' id='word_1_75' title='bbox 934 1844 1008 1926; x_wconf 85' lang='lat' dir='ltr'>pati.</span> 
     </span>
    </p>

    <p class='ocr_par' dir='ltr' id='par_1_8' title="bbox 113 1928 930 2124">
     <span class='ocr_line' id='line_1_13' title="bbox 113 1928 930 2020; baseline 0.006 -18"><span class='ocrx_word' id='word_1_76' title='bbox 113 1944 248 2003; x_wconf 81' lang='lat' dir='ltr'>Fallaces</span> <span class='ocrx_word' id='word_1_77' title='bbox 270 1928 367 2017; x_wconf 79' lang='lat' dir='ltr'>oculi,</span> <span class='ocrx_word' id='word_1_78' title='bbox 397 1955 428 2003; x_wconf 92' lang='lat' dir='ltr'>et</span> <span class='ocrx_word' id='word_1_79' title='bbox 447 1941 619 2012; x_wconf 81' lang='lat' dir='ltr'>simulantia</span> <span class='ocrx_word' id='word_1_80' title='bbox 637 1941 752 2003; x_wconf 85' lang='lat' dir='ltr'>lumina</span> <span class='ocrx_word' id='word_1_81' title='bbox 770 1958 930 2020; x_wconf 85' lang='lat' dir='ltr'>somnum,</span> 
     </span>
     <span class='ocr_line' id='line_1_14' title="bbox 188 2043 892 2124; baseline 0.003 -20"><span class='ocrx_word' id='word_1_82' title='bbox 188 2047 259 2124; x_wconf 79' lang='lat' dir='ltr'>Quo</span> <span class='ocrx_word' id='word_1_83' title='bbox 280 2046 452 2123; x_wconf 88' lang='lat' dir='ltr'>(miserum)</span> <span class='ocrx_word' id='word_1_84' title='bbox 473 2047 616 2106; x_wconf 86' lang='lat' dir='ltr'>Venetos</span> <span class='ocrx_word' id='word_1_85' title='bbox 636 2043 765 2123; x_wconf 83' lang='lat' dir='ltr'>perditis</span> <span class='ocrx_word' id='word_1_86' title='bbox 784 2043 892 2106; x_wconf 82' lang='lat' dir='ltr'>exitio.</span> 
     </span>
    </p>
   </div>
   <div class='ocr_carea' id='block_1_5' title="bbox 544 2221 683 2237">
    <p class='ocr_par' dir='ltr' id='par_1_9' title="bbox 544 2221 683 2237">
     <span class='ocr_line' id='line_1_15' title="bbox 544 2221 683 2237; baseline -0.007 0"><span class='ocrx_word' id='word_1_87' title='bbox 544 2221 683 2237; x_wconf 62' lang='lat' dir='ltr'>fl———n-afl</span> 
     </span>
    </p>
   </div>
   <div class='ocr_carea' id='block_1_6' title="bbox 308 2351 1004 2458">
    <p class='ocr_par' dir='ltr' id='par_1_10' title="bbox 308 2351 1004 2458">
     <span class='ocr_line' id='line_1_16' title="bbox 308 2351 1004 2458; baseline 0.006 -25"><span class='ocrx_word' id='word_1_88' title='bbox 308 2364 375 2433; x_wconf 91' lang='lat' dir='ltr'>Dc</span> <span class='ocrx_word' id='word_1_89' title='bbox 408 2378 562 2458; x_wconf 82' lang='lat' dir='ltr'>pugna</span> <span class='ocrx_word' id='word_1_90' title='bbox 598 2354 914 2436; x_wconf 72' lang='lat' dir='ltr'>Rauennensi.</span> <span class='ocrx_word' id='word_1_91' title='bbox 1003 2351 1004 2354; x_wconf 9' lang='grc' dir='ltr'><strong>Ἴ</strong></span> 
     </span>
    </p>
   </div>
   <div class='ocr_carea' id='block_1_7' title="bbox 109 2520 1050 3143">
    <p class='ocr_par' dir='ltr' id='par_1_11' title="bbox 109 2520 1050 2702">
     <span class='ocr_line' id='line_1_17' title="bbox 109 2520 1050 2605; baseline 0.005 -25"><span class='ocrx_word' id='word_1_92' title='bbox 109 2520 221 2599; x_wconf 87' lang='lat' dir='ltr'>Sparsa</span> <span class='ocrx_word' id='word_1_93' title='bbox 240 2520 437 2580; x_wconf 87' lang='lat' dir='ltr'>Ravennates</span> <span class='ocrx_word' id='word_1_94' title='bbox 465 2520 541 2578; x_wconf 89' lang='lat' dir='ltr'>semi</span> <span class='ocrx_word' id='word_1_95' title='bbox 569 2520 680 2582; x_wconf 78' lang='lat' dir='ltr'>obnata</span> <span class='ocrx_word' id='word_1_96' title='bbox 699 2523 837 2582; x_wconf 83' lang='lat' dir='ltr'>membra</span> <span class='ocrx_word' id='word_1_97' title='bbox 855 2543 913 2601; x_wconf 89' lang='lat' dir='ltr'>per</span> <span class='ocrx_word' id='word_1_98' title='bbox 932 2542 1050 2605; x_wconf 84' lang='lat' dir='ltr'>agros,</span> 
     </span>
     <span class='ocr_line' id='line_1_18' title="bbox 185 2618 1033 2702; baseline 0.008 -25"><span class='ocrx_word' id='word_1_99' title='bbox 185 2621 326 2699; x_wconf 86' lang='lat' dir='ltr'>Quaeque</span> <span class='ocrx_word' id='word_1_100' title='bbox 346 2621 381 2678; x_wconf 85' lang='lat' dir='ltr'>fit</span> <span class='ocrx_word' id='word_1_101' title='bbox 400 2637 471 2676; x_wconf 90' lang='lat' dir='ltr'>esea</span> <span class='ocrx_word' id='word_1_102' title='bbox 490 2618 619 2691; x_wconf 85' lang='lat' dir='ltr'>avibus,</span> <span class='ocrx_word' id='word_1_103' title='bbox 652 2640 784 2702; x_wconf 82' lang='lat' dir='ltr'>quaeque</span> <span class='ocrx_word' id='word_1_104' title='bbox 805 2623 840 2679; x_wconf 79' lang='lat' dir='ltr'>fit</span> <span class='ocrx_word' id='word_1_105' title='bbox 859 2640 930 2680; x_wconf 88' lang='lat' dir='ltr'>esca</span> <span class='ocrx_word' id='word_1_106' title='bbox 945 2623 1033 2684; x_wconf 84' lang='lat' dir='ltr'>feris.</span> 
     </span>
    </p>

    <p class='ocr_par' dir='ltr' id='par_1_12' title="bbox 109 2719 981 2901">
     <span class='ocr_line' id='line_1_19' title="bbox 109 2719 936 2796; baseline 0.002 -17"><span class='ocrx_word' id='word_1_107' title='bbox 109 2722 317 2779; x_wconf 74' lang='lat' dir='ltr'>Diuersarum</span> <span class='ocrx_word' id='word_1_108' title='bbox 335 2719 495 2781; x_wconf 86' lang='lat' dir='ltr'>hominum</span> <span class='ocrx_word' id='word_1_109' title='bbox 515 2731 658 2781; x_wconf 83' lang='lat' dir='ltr'>manante</span> <span class='ocrx_word' id='word_1_110' title='bbox 678 2720 829 2780; x_wconf 72' lang='lat' dir='ltr'>caelavere</span> <span class='ocrx_word' id='word_1_111' title='bbox 847 2721 936 2796; x_wconf 85' lang='lat' dir='ltr'>tabo,</span> 
     </span>
     <span class='ocr_line' id='line_1_20' title="bbox 185 2818 993 2901; baseline 0.005 -22"><span class='ocrx_word' id='word_1_112' title='bbox 185 2818 338 2898; x_wconf 85' lang='lat' dir='ltr'>Corporis</span> <span class='ocrx_word' id='word_1_113' title='bbox 358 2821 488 2901; x_wconf 89' lang='lat' dir='ltr'>Hispani</span> <span class='ocrx_word' id='word_1_114' title='bbox 509 2822 569 2885; x_wconf 89' lang='lat' dir='ltr'>hoc</span> <span class='ocrx_word' id='word_1_115' title='bbox 580 2862 588 2894; x_wconf 88' lang='lat'>,</span> <span class='ocrx_word' id='word_1_116' title='bbox 622 2819 764 2899; x_wconf 85' lang='lat' dir='ltr'>corporis</span> <span class='ocrx_word' id='word_1_117' title='bbox 783 2821 844 2882; x_wconf 89' lang='lat' dir='ltr'>hoc</span> <span class='ocrx_word' id='word_1_118' title='bbox 864 2821 993 2883; x_wconf 86' lang='lat' dir='ltr'>Veneti.</span> 
     </span>
    </p>

    <p class='ocr_par' dir='ltr' id='par_1_13' title="bbox 109 2917 1012 3109">
     <span class='ocr_line' id='line_1_21' title="bbox 109 2917 934 3001; baseline 0.01 -26"><span class='ocrx_word' id='word_1_119' title='bbox 109 2917 338 2982; x_wconf 87' lang='lat' dir='ltr'>Germanorum</span> <span class='ocrx_word' id='word_1_120' title='bbox 357 2921 456 2981; x_wconf 87' lang='lat' dir='ltr'>alibi</span> <span class='ocrx_word' id='word_1_121' title='bbox 448 2942 599 2999; x_wconf 76' lang='lat' dir='ltr'>luvepum</span> <span class='ocrx_word' id='word_1_122' title='bbox 618 2922 752 2982; x_wconf 77' lang='lat' dir='ltr'>caritura</span> <span class='ocrx_word' id='word_1_123' title='bbox 770 2923 934 3001; x_wconf 89' lang='lat' dir='ltr'>sepulchro</span> 
     </span>
     <span class='ocr_line' id='line_1_22' title="bbox 184 3000 1012 3143; baseline 0.007 -66"><span class='ocrx_word' id='word_1_124' title='bbox 184 3018 278 3091; x_wconf 90' lang='lat' dir='ltr'>Ossa,</span> <span class='ocrx_word' id='word_1_125' title='bbox 298 3019 384 3078; x_wconf 78' lang='lat' dir='ltr'>videt</span> <span class='ocrx_word' id='word_1_126' title='bbox 404 3000 568 3109; x_wconf 41' lang='lat' dir='ltr'>quisbue</span> <span class='ocrx_word' id='word_1_127' title='bbox 588 3033 620 3081; x_wconf 86' lang='lat' dir='ltr'>et</span> <span class='ocrx_word' id='word_1_128' title='bbox 638 3031 790 3143; x_wconf 86' lang='lat' dir='ltr'>temperat</span> <span class='ocrx_word' id='word_1_129' title='bbox 807 3043 825 3081; x_wconf 88' lang='lat' dir='ltr'>a</span> <span class='ocrx_word' id='word_1_130' title='bbox 842 3021 1012 3099; x_wconf 80' lang='lat' dir='ltr'>lacrymis?</span> 
     </span>
    </p>
   </div>
   <div class='ocr_carea' id='block_1_8' title="bbox 544 3196 683 3212">
    <p class='ocr_par' dir='ltr' id='par_1_14' title="bbox 544 3196 683 3212">
     <span class='ocr_line' id='line_1_23' title="bbox 544 3196 683 3212; baseline 0.014 -2"><span class='ocrx_word' id='word_1_131' title='bbox 544 3196 683 3212; x_wconf 48' lang='lat' dir='ltr'>*aa</span> 
     </span>
    </p>
   </div>
   <div class='ocr_carea' id='block_1_9' title="bbox 107 3322 1111 3422">
    <p class='ocr_par' dir='ltr' id='par_1_15' title="bbox 107 3322 1111 3422">
     <span class='ocr_line' id='line_1_24' title="bbox 107 3322 1111 3422; baseline 0.006 -25"><span class='ocrx_word' id='word_1_132' title='bbox 107 3325 170 3397; x_wconf 86' lang='lat' dir='ltr'>Ad</span> <span class='ocrx_word' id='word_1_133' title='bbox 195 3328 452 3422; x_wconf 85' lang='lat' dir='ltr'>Caesarem,</span> <span class='ocrx_word' id='word_1_134' title='bbox 479 3332 533 3404; x_wconf 86' lang='lat' dir='ltr'>de</span> <span class='ocrx_word' id='word_1_135' title='bbox 559 3325 772 3406; x_wconf 82' lang='lat' dir='ltr'>victoria</span> <span class='ocrx_word' id='word_1_136' title='bbox 793 3322 1111 3408; x_wconf 81' lang='lat' dir='ltr'>Cremonensi.</span> 
     </span>
    </p>
   </div>
   <div class='ocr_carea' id='block_1_10' title="bbox 104 3489 998 4087">
    <p class='ocr_par' dir='ltr' id='par_1_16' title="bbox 104 3489 998 3659">
     <span class='ocr_line' id='line_1_25' title="bbox 104 3489 998 3578; baseline 0.008 -27"><span class='ocrx_word' id='word_1_137' title='bbox 104 3490 176 3551; x_wconf 85' lang='lat' dir='ltr'>Ulte</span> <span class='ocrx_word' id='word_1_138' title='bbox 197 3489 285 3572; x_wconf 84' lang='lat' dir='ltr'>nefas</span> <span class='ocrx_word' id='word_1_139' title='bbox 305 3492 479 3568; x_wconf 79' lang='lat' dir='ltr'>Venetam,</span> <span class='ocrx_word' id='word_1_140' title='bbox 506 3495 622 3557; x_wconf 85' lang='lat' dir='ltr'>scelera</span> <span class='ocrx_word' id='word_1_141' title='bbox 642 3497 707 3556; x_wconf 82' lang='lat' dir='ltr'>ulte</span> <span class='ocrx_word' id='word_1_142' title='bbox 726 3495 859 3578; x_wconf 83' lang='lat' dir='ltr'>imlgaia</span> <span class='ocrx_word' id='word_1_143' title='bbox 877 3493 998 3572; x_wconf 86' lang='lat' dir='ltr'>Caesar,</span> 
     </span>
     <span class='ocr_line' id='line_1_26' title="bbox 181 3588 876 3659; baseline 0.012 -10"><span class='ocrx_word' id='word_1_144' title='bbox 181 3588 330 3651; x_wconf 86' lang='lat' dir='ltr'>Confer</span> <span class='ocrx_word' id='word_1_145' title='bbox 321 3613 354 3651; x_wconf 92' lang='lat' dir='ltr'>m</span> <span class='ocrx_word' id='word_1_146' title='bbox 373 3608 520 3657; x_wconf 87' lang='lat' dir='ltr'>accensos</span> <span class='ocrx_word' id='word_1_147' title='bbox 540 3599 651 3659; x_wconf 85' lang='lat' dir='ltr'>thurea</span> <span class='ocrx_word' id='word_1_148' title='bbox 668 3596 753 3657; x_wconf 87' lang='lat' dir='ltr'>dona</span> <span class='ocrx_word' id='word_1_149' title='bbox 775 3596 876 3658; x_wconf 88' lang='lat' dir='ltr'>focos.</span> 
     </span>
    </p>

    <p class='ocr_par' dir='ltr' id='par_1_17' title="bbox 106 3689 997 3879">
     <span class='ocr_line' id='line_1_27' title="bbox 106 3689 997 3804; baseline 0.013 -58"><span class='ocrx_word' id='word_1_150' title='bbox 106 3689 215 3748; x_wconf 86' lang='lat' dir='ltr'>Gratas</span> <span class='ocrx_word' id='word_1_151' title='bbox 237 3692 334 3751; x_wconf 86' lang='lat' dir='ltr'>redde</span> <span class='ocrx_word' id='word_1_152' title='bbox 354 3713 481 3804; x_wconf 84' lang='lat' dir='ltr'>preces,</span> <span class='ocrx_word' id='word_1_153' title='bbox 512 3712 602 3778; x_wconf 83' lang='lat' dir='ltr'>aeqtto</span> <span class='ocrx_word' id='word_1_154' title='bbox 622 3697 710 3758; x_wconf 77' lang='lat' dir='ltr'>cadat</span> <span class='ocrx_word' id='word_1_155' title='bbox 731 3698 832 3761; x_wconf 80' lang='lat' dir='ltr'>hostia</span> <span class='ocrx_word' id='word_1_156' title='bbox 851 3696 997 3796; x_wconf 65' lang='lat' dir='ltr'>Chpisto,</span> 
     </span>
     <span class='ocr_line' id='line_1_28' title="bbox 179 3790 955 3879; baseline 0.017 -31"><span class='ocrx_word' id='word_1_157' title='bbox 179 3790 241 3868; x_wconf 82' lang='lat' dir='ltr'>Qui</span> <span class='ocrx_word' id='word_1_158' title='bbox 264 3803 294 3850; x_wconf 84' lang='lat' dir='ltr'>te</span> <span class='ocrx_word' id='word_1_159' title='bbox 314 3793 370 3875; x_wconf 89' lang='lat' dir='ltr'>qui</span> <span class='ocrx_word' id='word_1_160' title='bbox 387 3797 517 3873; x_wconf 86' lang='lat' dir='ltr'>patriam</span> <span class='ocrx_word' id='word_1_161' title='bbox 535 3810 657 3873; x_wconf 86' lang='lat' dir='ltr'>servat,</span> <span class='ocrx_word' id='word_1_162' title='bbox 688 3809 720 3859; x_wconf 87' lang='lat' dir='ltr'>et</span> <span class='ocrx_word' id='word_1_163' title='bbox 738 3799 903 3879; x_wconf 88' lang='lat' dir='ltr'>imperium</span> <span class='ocrx_word' id='word_1_164' title='bbox 950 3826 955 3835; x_wconf 92' lang='lat'><em>·</em></span> 
     </span>
    </p>

    <p class='ocr_par' dir='ltr' id='par_1_18' title="bbox 105 3886 983 4087">
     <span class='ocr_line' id='line_1_29' title="bbox 105 3886 983 3980; baseline 0.021 -36"><span class='ocrx_word' id='word_1_165' title='bbox 105 3886 168 3966; x_wconf 84' lang='lat' dir='ltr'>Qui</span> <span class='ocrx_word' id='word_1_166' title='bbox 188 3890 325 3950; x_wconf 70' lang='lat' dir='ltr'>teneras</span> <span class='ocrx_word' id='word_1_167' title='bbox 344 3894 401 3955; x_wconf 82' lang='lat' dir='ltr'>eibi</span> <span class='ocrx_word' id='word_1_168' title='bbox 416 3895 512 3979; x_wconf 81' lang='lat' dir='ltr'>fregit</span> <span class='ocrx_word' id='word_1_169' title='bbox 532 3919 629 3977; x_wconf 92' lang='lat' dir='ltr'>opes,</span> <span class='ocrx_word' id='word_1_170' title='bbox 656 3919 744 3978; x_wconf 89' lang='lat' dir='ltr'>spem</span> <span class='ocrx_word' id='word_1_171' title='bbox 762 3897 865 3980; x_wconf 82' lang='lat' dir='ltr'>gentis</span> <span class='ocrx_word' id='word_1_172' title='bbox 885 3919 983 3962; x_wconf 83' lang='lat' dir='ltr'>avarae</span> 
     </span>
     <span class='ocr_line' id='line_1_30' title="bbox 178 3987 900 4087; baseline 0.017 -39"><span class='ocrx_word' id='word_1_173' title='bbox 178 3987 322 4075; x_wconf 81' lang='lat' dir='ltr'>Sustulit,</span> <span class='ocrx_word' id='word_1_174' title='bbox 355 3993 388 4057; x_wconf 89' lang='lat' dir='ltr'>in</span> <span class='ocrx_word' id='word_1_175' title='bbox 407 3997 538 4060; x_wconf 87' lang='lat' dir='ltr'>miseros</span> <span class='ocrx_word' id='word_1_176' title='bbox 559 3998 770 4087; x_wconf 79' lang='lat' dir='ltr'>deposuitque</span> <span class='ocrx_word' id='word_1_177' title='bbox 787 4010 900 4085; x_wconf 82' lang='lat' dir='ltr'>metus,</span> 
     </span>
    </p>
   </div>
   <div class='ocr_carea' id='block_1_11' title="bbox 0 0 1340 4628">
    <p class='ocr_par' dir='ltr' id='par_1_19' title="bbox 0 0 1340 4628">
     <span class='ocr_line' id='line_1_31' title="bbox 0 0 1340 4628; baseline 0 6"><span class='ocrx_word' id='word_1_178' title='bbox 0 0 1340 4628; x_wconf 95' lang='lat' dir='ltr'> </span> 
     </span>
    </p>
   </div>
  </div>
 </body>
</html>
