2640 4634
143 521 215 587 Ast,
246 520 297 572 ubi
318 520 488 573 confectum
508 519 572 572 telis
593 520 728 588 famaque
748 518 865 573 sinistra

209 613 360 682 Impulero
380 611 466 680 coepti
491 611 659 680 poenituisse
679 592 766 678 mast,

69 702 73 707 ’
143 705 220 758 Tota
241 720 314 762 meae
334 703 430 755 dicam
452 702 648 774 placidissima
673 712 820 782 tempora⁴
834 706 940 774 sortis,

209 798 310 865 Usque
330 790 403 847 adeo
422 805 545 863 magnos
565 795 666 847 intulet
687 795 735 847 itte
754 806 860 850 metue.

144 891 238 944 Causa
256 888 309 940 tibi
328 897 396 939 nota
417 896 481 953 est,
519 900 588 939 uota
608 897 651 939 est
669 887 795 955 injuria,
827 888 953 958 praesul,

210 981 301 1034 Utere
315 978 429 1046 judicio
451 990 480 1032 tu
503 997 592 1057 super
613 979 665 1032 ista
686 991 756 1048 tuo,

143 1071 257 1141 Meque
278 1083 328 1123 tuo
348 1086 486 1141 semper,
519 1071 542 1124 st
567 1074 667 1124 forsan
689 1087 791 1125 amore
813 1088 952 1141 recusae,

212 1163 303 1234 Quod
322 1165 391 1217 satis
415 1173 476 1229 est,
506 1180 579 1215 vero
599 1163 683 1231 dilige
698 1164 823 1231 judicio.

144 1255 211 1309 Nec
231 1255 314 1307 facilc
337 1273 350 1308 a
370 1256 460 1308 nobis
479 1255 617 1325 priscos,
647 1257 784 1323 antium,
815 1272 933 1311 amores

213 1347 356 1417 Surripn‚
384 1355 415 1400 tu
435 1348 459 1400 si
479 1365 538 1417 quo
559 1365 770 1403 eommoveare
790 1367 881 1417 novo.

145 1441 217 1496 Non
238 1434 323 1492 facile
343 1441 483 1506 accedet,
515 1441 564 1510 qui
584 1441 621 1494 sit
640 1442 691 1495 tibi
710 1442 840 1510 gratior,
867 1442 956 1510 alter,

213 1534 331 1608 Quique
349 1535 391 1588 tui
410 1533 507 1590 meriti
527 1537 592 1604 plus
614 1535 684 1588 vetit
703 1552 769 1588 esso
788 1550 915 1587 memor.

443 1951 845 2070 elegiam

193 2161 256 2233 Ad
293 2161 536 2235 auditores
571 2187 676 2234 suos
713 2162 1103 2236 Rostoehien'ses.

148 2516 279 2598 [roseius
300 2535 400 2600 msam}
420 2547 510 2600 fultus
530 2537 673 2614 spotiator
691 2542 826 2614 honore,

213 2640 324 2703 Ardet,
356 2649 383 2689 et
403 2636 531 2689 insomni
552 2637 668 2701 languet
686 2639 722 2688 ab
744 2639 870 2704 invidia,

146 2730 227 2783 Dum
243 2730 384 2796 juvenem
407 2731 566 2781 liuttenum
584 2727 683 2780 Musis
702 2745 849 2798 sacroque
872 2730 978 2783 labore

213 2821 349 2874 Tandem
369 2822 464 2892 aliqua
484 2820 564 2888 fungi
584 2823 794 2874 commoditate
814 2822 901 2875 videt.

145 2915 264 2968 Frendit
283 2926 311 2966 et
330 2915 463 2981 insultat,
496 2897 761 2980 fremitsaestuat,
790 2914 917 2984 ingruit,
948 2914 1046 2981 ardet,r

213 2998 321 3072 Deque
342 3024 408 3058 mea
427 3006 550 3058 nimium
570 3008 740 3060 conditione
760 3007 849 3060 dolet.

146 3098 296 3171 Quodque
317 3097 390 3147 mets
410 3096 513 3148 facites
534 3098 653 3150 monitis
676 3098 858 3150 committitis
878 3080 999 3161 aures,'

216 3188 293 3239 Tam
312 3185 392 3237 dotet
408 3186 482 3251 hic,
514 3200 600 3261 quam
620 3205 674 3240 vos
695 3191 772 3239 sorte
787 3183 892 3254 juvare
912 3188 1020 3256 potest}

144 3279 281 3342 Palleat,
316 3275 451 3341 insultet,
482 3279 656 3342 contendat,
691 3287 718 3329 et
739 3274 784 3328 itta
804 3288 935 3346 rumpat,

214 3374 284 3426 Non
303 3355 393 3422 habet
412 3369 440 3420 in
458 3367 546 3421 nobis
566 3370 684 3420 sordida
703 3369 766 3421 rina
784 3368 896 3422 locum.

146 3465 214 3519 Nos
234 3465 319 3515 decet
338 3463 464 3514 effrenes
484 3460 581 3514 animo
604 3470 797 3513 contemnere
818 3444 928 3527 fustem,

217 3556 336 3623 Proque
357 3541 432 3606 truci
454 3553 555 3606 faciles
576 3555 699 3607 reddere
719 3552 820 3605 fraude
834 3551 936 3619 jocoS.

84 3653 87 3659 '
148 3647 186 3701 Et
204 3648 288 3699 facite
307 3648 360 3700 has
380 3662 491 3713 ungar,
523 3646 607 3698 facile
626 3647 679 3699 has
698 3635 916 3698 contemnimus
935 3645 1008 3710 iras,

215 3738 266 3791 Nil
285 3739 420 3791 nocitura
439 3737 519 3789 leves
540 3735 597 3790 tela
614 3747 736 3791 movent
755 3739 879 3794 animo&

149 3831 220 3884 Non
238 3811 327 3883 habet
346 3832 394 3883 itte
413 3843 528 3896 tamen,
558 3848 617 3899 quo
632 3832 712 3898 juste
734 3830 885 3882 intendere
906 3829 1017 3900 possit,

216 3921 255 3974 Et
275 3937 379 3989 cauea,
410 3924 439 3976 in
457 3921 545 3975 nobis
564 3940 621 3994 qua
645 3929 822 3987 moveatur,
854 3919 946 3976 abest.

182 4051 247 4096 uun.
267 4050 309 4106 ep.
323 4053 354 4096 ·r.
376 4045 393 4099 r.
752 4012 777 4090 4
