2640 4634
79 74 81 79 '
162 94 169 107 ff

164 256 175 269 ⁸

111 362 119 379 a
133 352 151 387 ,ι’
164 370 167 375 -

179 563 269 677 ¹De
294 585 439 691 pugna
461 528 794 667 Mediolbnensi
819 516 1093 647 in‘venetos.

504 366 786 466 Epigrammata
865 436 888 461 ,‚
951 334 968 359 ἢ

870 476 881 507 0

141 721 292 786 Insubriae
314 724 457 786 cecidere
476 724 594 816 duces,
622 725 687 789 ruit
704 727 838 790 Helveta
856 730 973 810 pubes,

217 824 358 898 Gaudet,
387 835 418 886 et
436 823 470 884 in
488 823 588 902 patria
606 846 682 887 rana
700 826 870 908 triumphat
888 851 981 912 aqua.

139 925 203 987 Fer
222 923 367 998 modice,
396 935 507 986 necte
526 923 657 986 nimium
674 927 870 990 successibus
891 931 985 1006 effer,

214 1024 408 1103 Perpetuum
427 1031 493 1085 nou
514 1034 561 1086 est
579 1026 641 1106 boc
659 1024 716 1087 tibi
735 1047 815 1110 rana
828 1026 958 1090 bonum.
984 1011 986 1014 V

139 1124 267 1207 Optima
286 1144 420 1204 quaeque
438 1144 530 1184 suum
550 1123 612 1185 cito
631 1124 852 1217 perficitur·
869 1137 1022 1192 tenorem.

214 1225 311 1284 Nutat
328 1223 362 1284 in
381 1220 528 1304 ambiguo
548 1200 891 1325 sormfflfflffltu.

140 1325 223 1388 Cum
242 1323 349 1384 videas
368 1323 443 1386 nihil
462 1344 532 1386 esse
549 1310 624 1400 diu·9
641 1308 799 1393 'ibutanda
822 1337 954 1406 repente

214 1423 345 1502 Omnia,
375 1423 552 1502 pervarias
572 1420 644 1500 ire‚⁷
671 1424 777 1487 redire
797 1423 894 1487 vices.

137 1526 211 1589 Hoc
228 1536 319 1605 potes
338 1536 456 1586 eventu
476 1524 632 1589 celebrem
650 1525 779 1586 ductare
802 1523 1010 1605 triumphum,
1089 1571 1093 1579 .

209 1623 322 1704 Nescia
341 1645 410 1705 quae
429 1623 589 1704 sequitur,
617 1625 695 1704 quid
713 1626 795 1686 serat
813 1626 891 1689 hora
910 1625 993 1685 tibi?

129 1719 202 1787 'Fer
220 1723 367 1796 modice,
394 1741 453 1783 nec
473 1733 504 1782 te
524 1720 653 1782 nimium
672 1723 869 1784 successibus
891 1723 984 1794 effer,

212 1825 315 1886 Multa
333 1821 424 1887 simul
435 1821 574 1887 ,veniunt
593 1823 678 1897 teta,
707 1807 888 1902 abeuntque
908 1819 981 1880 cito.
1011 1879 1015 1884 ,

277 2222 287 2249 ’
331 2336 336 2345 Ι
380 2224 521 2349 :Jb'ne
554 2262 646 2335 per
677 2235 868 2310 milites
903 2256 1155 2334 german-os

544 2359 731 2432 Brixiae.

136 2526 210 2586 Non
238 2534 327 2600 capta
351 2532 398 2582 est
420 2521 527 2594 ferro,
558 2540 670 2581 verum
698 2538 777 2579 auro
797 2516 905 2576 Brixia
931 2527 1021 2597 capta
1048 2525 1112 2587 est,

212 2622 412 2685 Perdidimus
430 2619 560 2692 samam,
591 2616 850 2696 perdidimusque
869 2615 975 2675 fidem.

137 2727 209 2786 Hoc
229 2724 268 2784 de
291 2719 481 2782 Germanis?
509 2729 562 2780 aut
581 2718 632 2778 cui
651 2727 753 2779 metus
772 2724 843 2774 ante
863 2713 1020 2788 subisset,

212 2826 260 2885 Ne
282 2821 449 2906 quisquam
468 2821 526 2883 hos
546 2820 682 2901 populos
703 2812 884 2897 proditione
903 2813 1015 2876 notet?

138 2922 336 2985 Perdidimus
355 2922 484 2996 samum,
517 2923 621 2995 cives,
655 2930 687 2981 et
705 2913 839 2998 turpiter
858 2913 944 2988 ausi,

214 3021 367 3082 Omnibus
388 3021 525 3083 externis
543 3018 648 3079 sabula
667 3016 763 3079 foeda
781 3035 899 3075 sumus.

138 3120 193 3181 Dii
211 3119 367 3197 perdant,
387 3119 509 3180 facinus
530 3116 645 3198 ¹quihus
663 3117 725 3177 boc
744 3112 907 3174 autoribus
928 3121 1032 3170 actum
1051 3117 1112 3168 est:

213 3219 278 3279 Per
299 3238 380 3296 quos
400 3218 464 3278 hec
481 3216 569 3278 famae
587 3213 726 3276 nascitur
746 3209 940 3289 improbitas.

141 3321 193 3379 Tu
213 3314 358 3391 dominus
378 3315 529 3390 Venetis,
562 3325 593 3376 et
611 3333 706 3375 avaro
725 3309 835 3374 Brixia
853 3309 967 3371 Marco

215 3419 445 3479 Germanorum
463 3413 624 3478 hominum
642 3409 824 3493 proditione
844 3407 924 3471 subi.

139 3520 227 3585 Proh
245 3516 385 3592 facinus,
417 3515 495 3598 quid
513 3512 598 3575 enim
615 3533 682 3588 non
702 3510 778 3573 dan't
796 3511 860 3573 haec
878 3520 1020 3586 tempora
1037 3499 1153 3584 peius?

214 3616 415 3682 Perdidimus
433 3608 573 3689 samam,'
592 3613 850 3694 perdidimusque
870 3610 974 3672 fidem.
