2640 4634
511 402 793 500 Epigrammata.
860 348 865 357 ¹
1083 420 1152 495 209
1176 395 1180 403 ’
1249 412 1255 419 “

142 576 294 653 Transeat
315 591 442 652 hostiles
462 591 591 653 ardente
611 586 785 655 Trirultius
806 597 889 676 alpes

213 691 371 770 Agmine,
396 691 429 751 in
450 692 616 752 adversum
637 692 735 755 Gallia
753 705 819 754 tota
836 707 917 758 ruat.

138 793 182 854 At
201 789 258 850 tibi
279 788 399 865 Caesar,
427 790 484 852 tibi
504 811 538 850 se
559 792 725 852 Germania
742 793 808 854 ndo

214 891 262 950 Ne
285 890 381 951 modo
402 890 548 973 desperet
568 891 680 953 obtulit
700 891 827 955 auxilio.

575 1071 715 1088 Ἣ

371 1199 439 1273 De
474 1203 661 1275 Caesare
698 1213 742 1275 et
774 1201 917 1277 Gallo.

138 1360 235 1423 Anna
255 1379 368 1443 gerens
386 1364 496 1425 marltas
518 1364 623 1425 Gallus
643 1364 941 1444 perterruiturbes,

215 1458 375 1522 Commoti
395 1464 517 1524 Gallum
537 1462 667 1525 Caesaris
685 1461 732 1526 ira
750 1465 849 1544 fugat.

140 1560 276 1623 Tantum
302 1561 419 1642 aliquid
447 1563 551 1623 Gallus
575 1562 672 1643 igitur
697 1568 797 1640 valet,
829 1576 862 1625 et
886 1564 985 1627 breve
1012 1576 1152 1647 tempus,

214 1660 327 1721 Omnia
346 1659 491 1739 subjecto
512 1659 616 1722 Caesar
633 1661 667 1721 in
687 1664 765 1723 orbe
784 1674 899 1742 potest.
1112 1672 1114 1674 ’

290 1977 353 2050 Ad
388 1978 558 2053 Gallum
591 1975 822 2075 expulsum
855 1976 997 2052 Italia.

139 2139 188 2202 Ne
207 2138 264 2200 tihi
283 2150 375 2221 turpe
394 2150 483 2220 puta,
513 2161 574 2202 nec
593 2140 634 2202 sit
654 2139 711 2202 tibi
733 2141 819 2202 Galle
838 2139 1040 2219 pudendum,

216 2242 311 2320 Quod
330 2262 415 2303 nunc
434 2240 579 2306 Caesareo
597 2241 728 2305 cesseris
747 2239 892 2319 imperio.

139 2342 228 2419 Quos
247 2353 389 2419 poteras,
415 2343 506 2403 armis
526 2343 646 2418 vicisti,
675 2361 713 2401 ea
732 2340 832 2422 gloria
850 2359 963 2420 magna
984 2347 1046 2412 est,

215 2439 335 2501 Contra
353 2462 471 2502 summa
491 2454 595 2520 potest
615 2439 746 2502 Caesaris
768 2458 851 2498 arma
870 2433 954 2500 nihil.

138 2540 224 2600 Tum
243 2537 269 2597 si
290 2539 442 2600 debueras
464 2539 566 2611 vinei,
594 2539 703 2599 solatia
720 2547 859 2614 praestat,

214 2637 310 2715 Quod
329 2646 360 2696 te
381 2635 437 2717 qui
456 2635 548 2709 vicit,
574 2634 727 2696 maximus
745 2635 795 2695 ille
815 2631 885 2692 luit.

576 2812 715 2829 w

307 2950 374 3022 De
409 2947 610 3026 Caesaris
642 2943 980 3051 magnitudine.

139 3104 225 3166 Bella
244 3121 359 3185 gerunt
376 3130 490 3192 reges,
523 3099 648 3192 quoties
668 3129 724 3171 sua
742 3128 836 3173 eausa
853 3108 990 3180 lacessit,

216 3206 288 3264 Non
314 3206 374 3267 nisi
402 3210 491 3291 quod
516 3229 664 3292 magnum
679 3221 755 3283 est,
787 3208 916 3268 vincere
938 3205 1044 3268 Caesar
1062 3210 1153 3265 amat.

141 3303 234 3364 Tune
254 3324 324 3366 cum
344 3309 537 3386 parvalum,
568 3329 627 3370 nee
645 3319 730 3368 tanta
746 3306 888 3386 potentia
908 3304 1004 3381 Galli,

215 3406 401 3487 Quanquam
425 3407 508 3470 hune
535 3422 600 3471 cue
617 3418 725 3487 posset
749 3418 879 3490 tangere
899 3398 1114 3481 aemularer,

141 3501 281 3583 Tangam
294 3505 354 3581 ait,
374 3519 404 3567 at
417 3519 583 3590 postquam
596 3519 643 3568 est
656 3519 745 3568 nacta
757 3507 815 3569 ista
827 3504 975 3585 superbia
987 3514 1152 3575 summ,

213 3604 305 3663 Nune
325 3617 423 3686 quota
440 3619 578 3668 venturae
598 3606 704 3687 portio
723 3600 823 3667 laudis
842 3605 930 3666 erat?

138 3698 322 3782 Degeneres
343 3705 436 3766 animi
455 3717 564 3768 eontra
582 3707 735 3772 imbecille
754 3707 922 3781 seruntur,

215 3803 288 3865 Non
306 3804 367 3868 nisi
387 3806 475 3888 quod
492 3827 639 3886 magnum
660 3819 722 3881 est,
750 3805 879 3868 vincere
900 3801 1005 3866 Caesar
1024 3808 1113 3882 amat.
1185 3832 1188 3837 ·

580 3951 719 3970 m

191 4112 256 4162 ltntt.
275 4116 318 4177 Op.
336 4119 363 4169 Τ.
383 4115 402 4169 l.
751 4104 793 4178 Μ
