2640 4634
185 290 285 439 nr
613 342 829 451 crorum.
888 284 918 411 J*

159 556 188 603 -e
214 544 288 608 ¹satie
314 543 415 623 perite
451 536 601 614 Cinxium
633 537 822 613 nominavit,
860 533 957 601 debes
984 545 1019 596 tu
1052 529 1214 614 suspicari.

213 647 375 719 Verentur.
388 644 417 719 ²²³)
437 639 653 720 circumspecti
669 640 779 705 Patres
799 658 840 697 ne
856 625 1039 709 illudantur3
1061 633 1151 712 ajunt
1166 635 1213 721 aa)

213 746 270 808 ubi
294 742 388 806 fidem
415 741 609 817 servaveris,
636 740 752 819 optime
778 736 818 799 de
844 748 901 797 tuo
927 735 1031 795 studio
1056 735 1216 801 literam

213 848 293 906 velle
316 846 490 915 consulere.
534 839 711 902 Profitebar
727 859 776 902 me
794 838 833 897 de
854 833 1018 897 Monachis
1037 835 1215 895 decrevisse
1301 848 1304 852 ·

214 942 438 1023 supersedere,
476 961 542 1002 non
565 941 663 1019 parui.
710 937 914 1016 Propositum
943 934 1019 996 vicit
1044 935 1217 998 verbositas

214 1044 289 1108 mihi
302 1053 406 1104 tecum
423 1040 636 1122 perculiariter
658 1036 840 1112 communis.
887 1037 975 1117 Ergo
995 1034 1091 1117 igitur
1109 1055 1216 1112 cesso,

214 1163 402 1224 causamque
415 1152 512 1203 totam
530 1133 675 1229 Zeu-qi·
689 1135 937 1216 interpretationi
947 1134 1103 1216 relinquo.
1133 1136 1217 1198 Paro
1245 1207 1248 1215 ,

31 1246 38 1263 ⁵
215 1245 316 1309 statim
335 1241 496 1307 transitum
514 1243 551 1301 ad
570 1234 658 1314 aliam
675 1239 891 1321 quaestionem:
912 1237 969 1295 Est
982 1234 1056 1296 mihi
1073 1247 1109 1295 ut
1126 1237 1216 1297 volo:

216 1342 328 1427 queris
347 1351 382 1403 tu
402 1339 448 1402 his
469 1340 590 1414 verbis,
622 1339 815 1400 conveniens
840 1348 887 1396 est
910 1336 1037 1397 eisdem.
1074 1336 1219 1414 Respon-

211 1445 322 1525 deam,
352 1461 417 1522 quo
435 1438 561 1512 satisfiat
584 1438 682 1498 verbo
703 1448 829 1502 Catonis
848 1458 904 1516 par
923 1436 991 1515 pari
1015 1435 1138 1495 refero:
1168 1429 1220 1496 vel

112 1620 114 1625 Ι
216 1553 410 1623 tuquoque‚
430 1538 480 1609 sac
495 1537 603 1599 simile.
640 1537 703 1598 Sed
717 1548 851 1598 transeat
864 1535 969 1616 jocus,
989 1537 1087 1612 palam
1098 1538 1218 1618 loquar,

211 1643 275 1703 ‚Est
294 1639 368 1702 mihi
385 1648 420 1699 ut
442 1640 527 1699 volo.
571 1640 649 1698 Nam
666 1639 740 1698 volo
760 1637 852 1711 illud,
879 1637 966 1718 quod
983 1637 1126 1711 fortuna,
1152 1637 1221 1698 sive

218 1739 346 1822 aliquod
368 1736 466 1799 satum
490 1748 553 1811 est,
586 1739 689 1798 offert.
739 1737 882 1798 Secunda
904 1749 935 1797 et
962 1739 1092 1798 adversa
1113 1738 1222 1799 discri-

217 1840 321 1904 mino:
352 1835 402 1900 illa
427 1859 444 1907 a
464 1837 533 1898 Diis
557 1848 643 1916 peto.
683 1838 743 1912 Ista
768 1847 919 1919 quantum
941 1859 1087 1916 possum,
1114 1838 1223 1917 provi·

217 1938 322 2003 dentia
337 1938 423 2012 vito,
452 1937 605 2018 quicquid
622 1956 701 1997 vero
719 1959 827 2015 parum
846 1937 980 2000 feliciter
996 1939 1118 2012 evenit,
1149 1939 1224 2020 quia

216 2037 298 2111 lacta
320 2037 440 2115 *inlecta
465 2037 535 2097 fieri
557 2048 737 2118 nequeunt,
769 2035 860 2115 juxta
884 2058 1036 2118 prospera
1058 2059 1161 2116 pono,
1192 2049 1225 2100 et

217 2137 353 2206 fortuna
379 2137 514 2205 ostendo
542 2137 680 2197 medium
707 2136 854 2219 digitum,
886 2149 922 2198 ut
943 2158 1044 2216 nuper
1072 2137 1104 2198 in
1134 2139 1226 2219 gravi

218 2255 291 2298 casu
303 2280 311 2310 ‚
325 2257 390 2318 quo
404 2235 469 2300 vita
479 2247 510 2300 et
525 2235 624 2310 fatalis
637 2236 715 2296 hora
730 2234 818 2314 juxta
832 2247 930 2298 erant.
957 2237 1042 2298 Audi
1057 2239 1224 2300 aZonario
1249 2283 1253 2288 -

217 2335 360 2399 fortunas
377 2333 548 2409 huminum.
587 2333 742 2396 C'aeterum
761 2337 786 2398 si
806 2339 846 2398 de
861 2349 928 2398 tota
946 2337 1026 2397 serie
1047 2337 1109 2398 mei
1128 2350 1225 2400 status

218 2435 288 2501 lieri
310 2434 359 2512 vis
374 2434 506 2514 certior,
537 2436 639 2515 pande
658 2457 748 2498 aures
765 2455 801 2498 ac
817 2457 935 2510 summa
956 2437 1106 2497 duntaxat
1125 2437 1226 2500 intro-

217 2535 315 2597 mitte.
353 2536 415 2597 Nol
441 2533 448 2548 '
488 2538 583 2615 ⁴alam
597 2554 729 2605 messem
743 2537 864 2610 facere,
884 2548 915 2595 et
934 2537 1089 2597 beneficio
1111 2541 1228 2602 mereri

217 2554 581 2716 ing-ratiriidifflrrtt),
614 2641 818 2718 quamobrem
841 2636 968 2697 discessi
992 2636 1030 2696 ab
1054 2637 1244 2701 illustribus

219 2734 390 2812 discipulist
400 2734 563 2814 impetrata
593 2735 774 2800 dimissione
799 2736 900 2811 iiiii),
942 2738 1068 2804 uolente
1098 2740 1228 2800 volente

217 2845 308 2912 patre
333 2834 414 2899 redii
432 2837 470 2910 †)
491 2835 531 2900 ad
555 2836 767 2914 Erphurdium
790 2835 824 2896 in
847 2835 1040 2897 consortium
1065 2837 1228 2902 hominum

217 2932 419 2995 similitudine
431 2935 607 3006 studiorum
623 2936 753 3014 parium.
793 2935 889 3012 Quod
905 2955 1004 3014 genus
1019 2937 1147 2998 vivendi
1163 2960 1227 3016 ego

209 3033 386 3097 arctissima
419 3035 479 3110 †-†l
509 3035 659 3095 societate
690 3035 948 3114 jucundissimum
976 3025 1050 3116 pro
1069 3035 1227 3121 cujusque

218 3145 306 3194 aetute
334 3135 430 3211 (lucc.
479 3134 520 3199 Et
546 3133 674 3197 Marcus
700 3147 797 3215 putat.
846 3135 991 3197 Vidimus
1018 3137 1095 3197 inibi
1121 3138 1228 3199 omnia

20 3232 33 3245 ''
123 3250 146 3307 tr
218 3233 444 3296 discordiarum
466 3236 567 3314 plena.
605 3237 795 3298 Discedente
813 3235 905 3314 plebe
929 3237 1101 3314 epatribus
1119 3240 1227 3318 quoti-

217 3330 336 3416 dieque
361 3355 445 3411 noua¹
473 3336 632 3413 moliente.
659 3323 661 3330 ¹
688 3338 762 3416 Non
788 3346 890 3412 tutum
916 3336 1080 3412 videbatur
1106 3340 1226 3402 versari

223 3526 224 3531 ¹
270 3531 297 3580 ¹⁵)
314 3531 346 3575 Μ.
365 3542 386 3587 p.
403 3532 450 3578 und
468 3532 508 3576 W.
527 3534 664 3580 uerendum.

258 3603 304 3671 ⁸*)
320 3613 352 3658 Μ.
371 3627 393 3671 p.
411 3618 459 3660 und
476 3617 516 3660 W.
536 3626 609 3662 amet.

239 3686 287 3726 μ’
320 3699 351 3742 Μ.
369 3712 391 3755 p.
402 3701 455 3761 ..und
472 3698 514 3760 W,
531 3704 721 3763 qratitudlnem.

321 3783 351 3826 M.
370 3796 391 3839 p.
412 3784 572 3830 immissione.

270 3855 285 3917 i
320 3865 352 3910 M.
371 3879 393 3922 p.
411 3870 458 3912 und
475 3869 515 3912 W.
533 3870 624 3914 Fredir'.

169 4000 178 4023 n
255 3950 286 4000 ††
320 3929 494 4011 arctissimam.
512 3950 552 3995 W.
570 3953 617 3996 und
635 3950 664 3995 Μ.
684 3961 709 4012 p„

177 3780 180 3784 Δ
220 3771 284 3809 arr*

271 4196 299 4245 R.
