2640 4634
142 402 185 454 ir
410 368 573 451 Uitheile
598 375 690 447 iiber
713 375 870 453 Hu'ttens

180 567 230 646 25)
261 569 385 633 Herm.
418 567 758 633 Hammelmannus
789 565 858 645 (lib.
882 564 1009 647 IVNde
1036 570 1118 632 viris

422 668 563 746 Westph.
584 664 725 728 illustrib.
743 667 868 748 p.198).
969 660 982 686 ““

215 819 253 881 ln
272 818 504 883 Hochstratium
522 787 661 881 confictae
681 825 752 877 sunt
774 815 921 893 Epistolae
942 817 1150 884 obscurorum

141 919 297 994 virorum,
318 920 356 980 ah
375 920 555 982 Hermanno
570 914 695 979 Comite
712 914 752 975 de
768 916 860 976 Nova
870 915 1001 999 Aquila,
1021 920 1148 988 Ulricho

140 1019 180 1081 ab
201 1021 337 1094 Hutten,
357 1029 388 1083 ct
408 1020 589 1086 Hermanno
608 1014 763 1089 Buschio,
785 1012 947 1091 Caesario,
975 1019 1101 1094 stallis.

151 1152 227 1269 Ι96)
251 1191 455 1255 Henricns
483 1190 709 1254 Pantaleon
740 1187 792 1263 (de
818 1187 877 1253 vir.
902 1189 1011 1257 illustr.
1032 1191 1111 1254 Ger·

476 1290 584 1353 marrire
609 1289 647 1353 Ρ.
667 1286 724 1352 ΙΙΙ.
745 1286 805 1365 65.)

214 1442 384 1509 Hnldricus
402 1443 592 1513 'Hnttenus,
632 1459 730 1522 quum
760 1430 904 1518 praeclara
930 1439 1037 1500 indole
1068 1454 1149 1503 esset

141 1529 304 1621 praeditus,
335 1550 499 1620 parentum
518 1534 648 1604 consilio
669 1559 797 1617 operam
818 1536 914 1602 literis
940 1537 1053 1614 dedit,
1067 1552 1099 1602 et
1117 1541 1151 1603 in

142 1639 227 1701 omni
247 1660 363 1722 genere
383 1640 495 1703 artium
518 1651 548 1700 et
567 1637 797 1716 disciplinarum
817 1637 984 1718 plurimum
1002 1639 1148 1718 profecit.

140 1738 414 1807 Huiusrnditioni
440 1761 598 1804 armorum
623 1759 757 1821 quoque.
780 1739 885 1801 studia
907 1738 1092 1816 conjunxit,
1120 1753 1152 1801 et

119 1869 120 1872 ¹
140 1837 173 1904 in
193 1838 279 1900 bellis
303 1839 434 1906 V'enetis
454 1840 571 1907 Caesari
588 1837 805 1906 Maximiliano
829 1861 917 1901 suam
936 1861 1064 1918 operam
1083 1840 1151 1903 sor-

127 1938 212 2016 ,riter
230 1938 385 2018 praestitit,
404 1941 463 2016 ita,
482 1952 519 2001 ut
537 1940 567 2001 ei
584 1937 776 2020 gratissimus
797 1952 890 2007 esset.
922 1944 1029 2020 Quum
1047 1952 1151 2004 autem
1191 1935 1194 1939 ’

139 2038 273 2103 Lutheri
292 2039 435 2104 doctrina
452 2041 697 2120 publicaretur,
717 2041 888 2106 Huldricus
901 2061 982 2105 ,sam
1009 2041 1150 2120 arripuit,
1222 2079 1225 2085 ·

140 2151 234 2221 atque
259 2150 367 2202 contra
392 2140 467 2202 alios
495 2141 653 2206 mordicus
679 2139 831 2205 defendit.
869 2140 962 2207 Unde
981 2143 1075 2202 multa
1095 2162 1150 2202 au-

44 2256 48 2265 ’
140 2239 245 2301 dacter
265 2250 296 2301 et
310 2225 412 2300 ¹libere
431 2240 464 2301 in
480 2239 683 2313 Pontificins,
701 2241 799 2305 multa
816 2239 909 2302 etiam
926 2238 961 2301 in
975 2238 1150 2319 Principes,

140 2350 172 2401 et
196 2338 398 2420 Magistratus
426 2339 587 2402 civitatum
615 2339 754 2419 scripsit,
779 2370 811 2385 —-
838 2377 877 2413 «e,-
901 2377 939 2396 -ι-
966 2341 1049 2424 apud
1070 2339 1151 2405 Ger·

112 2442 115 2449 '
139 2459 246 2501 manos
267 2457 414 2531 magnum
433 2440 493 2502 sibi
511 2462 630 2511 nornen
648 2440 850 2528 comparavit.

267 2596 268 2600 i
324 2627 381 2703 27)
405 2628 554 2692 Theod.
579 2631 690 2702 Beza
716 2629 762 2706 (in
786 2626 959 2705 leonibus).

214 2777 374 2848 Utriehum
407 2779 584 2847 Huttenum
621 2790 736 2861 praeter
771 2777 896 2860 generis
932 2774 1150 2850 Nobilitatem,

139 2876 294 2963 gentilitio
319 2892 531 2959 cognomento
558 2891 589 2943 et
614 2879 731 2940 virtute
756 2888 887 2961 quoque
912 2873 1035 2960 militari
1059 2884 1151 2936 testa-

138 2989 217 3051 tam,
237 2977 329 3039 animi
347 2977 441 3061 vigor
460 2979 590 3063 insignis
609 2978 707 3060 magis
726 2977 819 3038 etiam
838 2974 1031 3040 nobilitavit:
1054 2996 1152 3056 quum

140 3078 180 3140 ad
200 3077 410 3140 eruditionem
428 3101 494 3141 non
512 3091 656 3159 parvam,
685 3098 816 3141 acumen
836 3097 983 3160 quoque,
1015 3073 1047 3136 ct
1064 3074 1152 3137 festi-

135 3197 214 3242 vum
243 3177 382 3257 inprimis
412 3179 593 3263 ingenium,
632 3180 672 3260 ad
709 3179 864 3245 poeticen
894 3188 1018 3250 natum,
1041 3173 1153 3254 slsieut

138 3276 231 3338 variis
252 3280 457 3356 carminibus,
486 3291 518 3340 et
538 3281 657 3364 aliquot
682 3280 775 3347 etiam
795 3276 991 3359 lepidissimis
1010 3264 1152 3359 Dialogis

138 3377 324 3456 declaravit)
352 3378 563 3456 adjunxissem
598 3373 717 3464 casque
732 3374 830 3442 ¹d'otes
853 3374 896 3442 'nrl
921 3398 1003 3439 verae
1029 3377 1153 3457 pietatis

137 3480 422 3560 propugnationem
433 3479 633 3556 contulisset,
656 3481 758 3545 acrior
768 3492 887 3554 tamen,
908 3488 940 3539 et
950 3478 1150 3552 morrlacior3

138 3589 174 3639 ut
211 3581 309 3643 multo
347 3576 530 3652 solidiorem
565 3600 603 3643 ac
639 3570 831 3648 vivaciorem
870 3578 1001 3662 gloriam
1036 3576 1150 3642 merito

136 3680 234 3748 inerit
261 3679 448 3759 adepturus,
478 3677 538 3739 nisi
556 3698 641 3744 mors
666 3680 752 3747 illum
771 3679 1007 3759 intempestiva,
1035 3700 1151 3739 annum

137 3779 284 3851 videlicet
323 3778 416 3838 aetatis
446 3776 637 3840 tricesimum
670 3782 813 3862 quintum
846 3790 1008 3862 agentem,
1048 3779 1152 3858 prius-

139 3899 233 3960 quam
266 3878 316 3938 ille
350 3875 470 3959 ingenii
503 3879 697 3947 vehementia
731 3889 976 3953 maturesceret,
1022 3898 1040 3938 e
1069 3863 1164 3940 vivis'

137 3979 320 4048 sustulisset.
343 4014 381 4032 -v
