2640 4634
144 392 194 468 34
523 382 669 474 Querel.
697 383 717 453 l.
743 382 770 452 1.

145 583 225 659 Quid
244 582 339 654 potuit
360 577 479 634 cr'udele
497 579 590 646 magis
613 578 785 644 contingere
804 574 839 628 ab
859 573 909 629 illo
920 613 929 641 ,

214 677 312 752 Quam
332 675 356 729 si
376 674 462 727 etiam
480 673 545 726 vitae
567 678 661 725 sumta
681 672 781 740 rapina
801 669 902 722 foret?

143 773 215 827 Non
235 771 299 824 tulit
315 769 392 822 hanc
408 769 512 836 igitur,
533 768 586 819 sed
604 766 647 818 sic
666 764 817 834 permisit,
836 771 867 813 ut
887 774 1005 833 essem,

212 863 272 939 Qui
291 863 364 916 nihil
385 871 536 931 optarem,
556 876 644 928 quam
663 861 755 912 modo
776 875 868 928 posse
887 863 977 917 mori.

143 957 235 1011 Auxit
253 956 331 1009 enim
347 954 509 1019 morbum,
528 970 588 1023 quo
609 970 689 1004 nunc
710 969 832 1023 quoque
851 955 1025 1025 supprimor
1046 975 1139 1026 aeger,

210 1051 278 1105 Nec
297 1056 413 1101 eertum
433 1056 494 1112 est,
515 1046 558 1098 sic
576 1061 625 1097 mc
643 1046 745 1098 vivere
764 1063 854 1115 posse
874 1049 933 1101 diu.

143 1145 215 1200 Haec
231 1158 368 1213 quoque,
388 1156 476 1211 quarn
495 1137 598 1206 mitto,
616 1138 772 1209 trepidanti
792 1149 836 1194 est
855 1141 929 1196 edita
954 1142 1077 1210 dextra,

210 1236 292 1307 Saepe
312 1235 398 1288 etiarn
420 1235 570 1303 lacrymas
587 1234 672 1286 litera
691 1249 777 1303 passa
795 1249 888 1287 meas.

141 1329 200 1383 Vix
218 1346 252 1382 ea
269 1346 330 1400 prae
349 1328 460 1382 morbo
481 1326 669 1395 conscripsi,
689 1335 717 1378 ct
735 1325 862 1396 plurima
880 1342 1003 1396 possem

208 1422 344 1487 Addere,
364 1420 417 1473 sed
435 1419 537 1490 pestis,
550 1435 612 1470 non
630 1417 698 1471 sinit
716 1417 770 1471 istc
789 1419 886 1473 furor.

142 1513 202 1586 Qui
221 1513 316 1583 siquid
333 1511 430 1565 levior
449 1511 562 1577 fuerit,
581 1527 690 1581 querar
711 1513 810 1564 omnia
829 1530 932 1567 coram
943 1554 952 1580 ,

209 1604 248 1660 Et
267 1616 354 1675 potes
373 1605 402 1657 in
422 1620 509 1658 casus
529 1604 655 1674 pallidus
675 1620 741 1659 esse
760 1620 857 1658 meos

140 1698 180 1758 Et
196 1698 303 1752 melius
321 1697 427 1750 credes
446 1697 603 1767 praesentia
623 1695 716 1750 verba
737 1688 859 1767 locuto,

211 1791 268 1846 Sed
287 1790 409 1845 dubium
428 1800 488 1857 est,
508 1791 597 1844 liceat
620 1790 663 1844 sic
682 1791 755 1844 mihi
775 1784 884 1861 scripta
901 1790 994 1862 ioqui.

143 1885 193 1939 Tu
209 1892 307 1937 tamen
327 1883 439 1936 interea
453 1884 567 1938 nostris
588 1884 731 1936 instructo
752 1884 882 1954 querelis
979 1876 983 1889 ¹

209 1975 340 2046 Respice
360 1976 531 2043 fortunam,
551 1976 784 2046 pauperiemque
803 1982 918 2031 meam!

144 2067 274 2139 Respice
293 2077 337 2121 tot
358 2084 464 2135 casus,
485 2069 531 2122 fer
550 2085 659 2137 opem,
682 2079 711 2122 te
725 2070 826 2138 Judice
843 2068 933 2122 nobis

209 2161 272 2217 Pro
291 2170 372 2214 tanto
392 2162 494 2214 reddat
510 2161 639 2215 Lossius
659 2179 741 2232 aequa
760 2163 857 2214 malo!

142 2252 195 2308 His
213 2253 264 2306 ubi
284 2263 439 2323 permotus
458 2265 593 2308 nostram
616 2254 799 2307 miserabere
819 2261 953 2317 sortem,

210 2344 250 2400 Et
266 2345 311 2399 vis
330 2347 453 2401 arbitrio
473 2347 599 2416 dirigere
620 2347 673 2401 ista
693 2359 744 2401 tuo
755 2385 764 2414 ,

143 2437 284 2508 Inspice,
303 2456 362 2509 quo
382 2439 471 2493 vitam
491 2449 578 2511 pacto
599 2441 727 2496 traduxit
744 2449 868 2508 uterque

211 2531 358 2598 Lossius,
379 2541 408 2585 ct
426 2551 485 2602 quo
505 2532 543 2586 sit
567 2535 705 2604 praeditus
724 2533 858 2601 ingenio!

143 2623 196 2677 lIle
216 2641 271 2677 suo
291 2625 420 2680 miseros
443 2627 622 2681 condemnat
641 2628 765 2681 crimine
786 2627 888 2691 cives,

212 2717 251 2770 Et
269 2717 339 2770 facit
357 2719 490 2772 insontes
510 2721 663 2772 fraudibus
683 2736 748 2772 esse
768 2734 859 2783 reos;

146 2808 280 2879 Cumque
299 2810 346 2880 pia
367 2822 461 2865 castas
481 2812 631 2880 oppressit
650 2809 762 2875 virgine
781 2818 909 2873 matres,

213 2901 352 2972 Totaque
371 2888 520 2957 adulteriis
539 2902 613 2955 urbs
633 2910 725 2955 scatet
743 2900 796 2953 ista
814 2900 881 2952 viri.

145 2993 223 3066 Qui,
242 3011 311 3050 cum
325 2994 440 3063 judicio
462 2995 590 3048 miseros
610 2994 787 3047 condemnat
810 2992 930 3062 iniqu0,

212 3086 240 3139 Si
259 3087 348 3140 tribui
369 3095 472 3141 censet
489 3103 551 3139 non
570 3086 627 3140 sibi
645 3103 735 3156 posse
754 3086 862 3154 iidem,

143 3176 238 3234 Novit
253 3179 425 3246 honorato,
444 3178 510 3249 quis
530 3179 609 3232 enim
631 3180 782 3234 versutior
801 3181 898 3236 alter?

211 3271 343 3325 Munere
361 3273 521 3343 praefectos
541 3273 703 3326 sollicitare
721 3280 801 3327 tuos·

144 3354 225 3430 Hos,
244 3363 295 3416 ubi
314 3363 490 3418 muneribus
501 3404 511 3432 ,
534 3364 723 3435 pulchroque
743 3365 865 3419 evicerit
884 3373 963 3433 astu,

210 3455 272 3510 Pro
292 3473 324 3511 se
344 3457 434 3509 multa
455 3456 507 3509 tibi
527 3466 702 3511 commovet
720 3467 785 3528 apta
802 3458 896 3528 loqui.

143 3544 192 3600 sie
209 3554 276 3614 tua,
296 3549 359 3615 sic,
377 3548 537 3619 princepe,
556 3551 641 3604 vafer
659 3549 707 3603 iiie
726 3551 843 3617 negotia
861 3558 1031 3616 tranctans,

211 3639 293 3709 Saepe
312 3640 382 3707 tibi,
401 3640 425 3694 si
444 3641 488 3693 fas
510 3642 629 3709 dicere,
647 3641 741 3695 verba
761 3643 849 3697 dedit.

142 3728 233 3786 Nunc
251 3749 372 3802 quoque
391 3733 469 3785 forte
489 3732 586 3800 dabit,
607 3734 660 3789 sed
682 3734 706 3788 si
727 3734 833 3804 pietate
855 3733 1006 3807 moveris,

210 3822 346 3876 Afficicnt
364 3825 479 3878 animos
497 3824 563 3877 haec
582 3842 649 3879 mea
666 3827 759 3880 verba
780 3829 868 3879 tuos!
1041 3809 1043 3813 ¹

142 3914 225 3968 Hanc
242 3915 359 3982 genitor
379 3918 469 3969 vitam
489 3916 587 3984 duxit,
607 3935 671 3988 quae
690 3917 808 3989 publica
827 3918 904 3973 fama
924 3924 984 3986 est,

209 4007 248 4064 Et
266 4007 328 4062 tieri
353 4024 392 4062 ex
409 4009 509 4063 multis
528 4024 577 4062 res
596 4009 649 4064 tibi
667 4020 737 4065 nota
756 4018 865 4080 potest.
