2640 4634
442 394 720 493 Epigrammata.

84 596 117 661 Si
136 594 223 674 cupis
244 593 399 653 innocuos
417 609 537 663 mores,
558 607 747 669 paeenupre,
768 587 941 670 iidemque,

159 697 302 757 Summus
322 701 353 752 et
372 691 411 751 ad
428 701 538 750 votum
561 687 790 749 illuximiliauus
810 690 885 762 erit,

84 799 186 878 Quem
206 813 311 874 neque
332 789 475 852 mollities
494 789 651 868 possedit,
681 809 813 871 ‹pereque
834 791 977 870 voluptas

159 897 330 954 Terrarum
350 889 483 951 dominis
502 888 631 968 regibus
650 909 718 949 esse
740 892 828 951 solet.

83 997 124 1058 Et
143 994 194 1056 cui
212 1015 277 1054 non
295 990 409 1070 placuit
428 992 505 1050 luxu
530 989 693 1070 indulgere
715 990 843 1069 supino,

154 1094 185 1154 Si
205 1092 363 1174 quesierit,
392 1108 552 1171 nunquam
571 1110 632 1167 pax
653 1091 761 1150 odiosa
780 1090 851 1150 fuit.

83 1193 240 1256 Illecebris
259 1190 365 1264 nullis,
392 1190 539 1270 nullaque
559 1189 686 1249 libidine
706 1189 823 1249 fractus

156 1291 267 1354 Defuit
286 1290 327 1351 illi
347 1290 423 1364 sibi,
451 1289 552 1350 defuit
571 1289 621 1349 ille
643 1287 713 1361 tibi,

84 1391 162 1473 Quis
182 1392 260 1452 vidit
278 1390 435 1450 madidum
453 1391 576 1468 myrrha
597 1387 733 1467 crispare
753 1387 923 1468 capillum?

158 1491 235 1571 Quis
254 1490 333 1550 vidit
350 1491 448 1563 casia,
475 1490 545 1572 quis
568 1489 721 1550 maduisse
741 1489 862 1549 croco?

85 1590 227 1671 Quando·
237 1589 328 1650 armis
348 1591 511 1670 requiem,
536 1590 619 1648 bello
639 1589 765 1669 quaudo
790 1589 854 1648 otia
874 1592 1008 1654 honesto
1015 1636 1025 1667 ,

157 1691 222 1751 Aut
242 1689 378 1748 trabeam
396 1687 500 1769 rigido
519 1687 653 1765 praetulit
671 1686 722 1745 ille
740 1687 843 1766 sago?

83 1791 127 1852 At
142 1801 250 1850 eontra
267 1787 445 1868 integritas,
474 1797 582 1847 contra
602 1795 648 1844 est
668 1785 831 1845 clementia
849 1787 968 1861 virtus,
996 1830 1000 1838 -

159 1889 298 1968 Quaeque
319 1897 399 1946 artes
418 1897 538 1947 tantum
557 1868 742 1964 percoluere
761 1885 907 1949 animum.

86 1987 119 2048 Si
139 1987 217 2067 petis
236 1986 414 2064 ingenium,
442 1987 468 2047 si
487 2005 527 2047 ne
548 2005 610 2067 qua
629 1985 780 2046 industria
799 1987 892 2060 desit,

159 2087 284 2166 Septem
304 2106 369 2147 uno
388 2087 509 2170 linguas
527 2086 579 2148 lric
597 2087 677 2145 solet
699 2106 755 2146 ore
773 2087 873 2170 loqui.

86 2184 118 2246 Si
136 2186 230 2264 petis,
256 2197 291 2246 ut
310 2188 440 2268 sumptis
459 2189 574 2248 bellum
595 2189 776 2267 experiatur
793 2190 824 2249 in
846 2191 952 2267 armis,

158 2285 227 2347 Jam
245 2285 308 2346 ruit
326 2286 359 2348 iu
381 2288 501 2362 Gallos,
530 2284 592 2366 jani
612 2289 676 2348 ruit
695 2289 728 2350 iu
747 2290 900 2351 Venetos.

505 2485 669 2496 ι-ι-ι-ιι--ι

199 2628 247 2700 In
286 2628 541 2716 obsidione
576 2628 808 2703 Patavina
841 2657 979 2731 aeger.

85 2798 251 2878 Euganeas
271 2795 366 2860 video
386 2799 517 2873 turreis,
546 2798 716 2860 Antenoris
736 2801 863 2877 urbem,

157 2898 321 2976 Speratum
339 2899 445 2960 fractis
465 2899 618 2980 effugium
638 2900 782 2964 Venetis.

87 2995 238 3055 Telorum
258 2999 342 3057 volat
363 3019 455 3059 omne
476 3020 599 3077 gerruS,
628 3002 802 3066 defendere
820 3023 929 3065 muros

160 3092 223 3166 Illi,
250 3113 309 3153 nos
329 3107 438 3156 contra
456 3097 613 3160 tendimus
633 3123 755 3165 eruere.

85 3191 152 3251 Nos
172 3191 294 3251 eoelum
314 3205 345 3252 et
366 3196 471 3269 tellus,
500 3195 568 3257 illos
588 3220 644 3259 sua
663 3201 788 3262 moenia
806 3211 950 3274 servant,

162 3290 238 3370 Spes
258 3290 366 3366 nobis,
393 3291 450 3354 illis
470 3297 651 3375 propositus
672 3300 766 3362 timor
786 3313 845 3363 est,

87 3389 237 3451 Reddidit
256 3390 392 3452 inclusos
412 3414 468 3455 sua
487 3395 664 3475 desperatio
684 3399 815 3475 lomois,

173 3488 319 3571 Cumque
337 3489 415 3572 suga
434 3495 566 3557 ulterior
587 3500 671 3563 nulla
690 3499 747 3575 sit,
776 3523 860 3563 arma
878 3510 1020 3563 movent.

86 3586 119 3647 Si
138 3590 207 3670 quis
227 3589 260 3650 in
280 3590 342 3651 hoc
363 3612 495 3655 numero
515 3607 581 3671 est,
608 3599 663 3680 qui
680 3601 780 3679 possit
799 3604 948 3680 plurima,
975 3601 1071 3675 cives,

160 3689 253 3748 Hunc
272 3701 307 3749 ut
332 3709 510 3768 servemus,
538 3716 588 3757 me
608 3697 760 3776 perimant
779 3702 907 3762 Veneti.

85 3784 154 3845 Janr
171 3788 251 3864 pede
271 3801 435 3867 pertesum
456 3804 519 3868 est,
548 3797 725 3881 claudoque
744 3800 886 3862 insistere
906 3801 985 3876 talo,

162 3887 224 3965 Qui
243 3892 324 3951 valet
343 3903 379 3952 ut
397 3893 501 3968 vivat,
531 3917 581 3956 rue
600 3903 758 3984 perimant
774 3899 902 3968 Veneti.

529 4032 650 4046 m
