2670 4628
664 260 677 291 *l

212 371 282 450 aul
517 364 561 436 ln
584 362 750 436 Laudem
773 363 912 437 Alberti

214 563 313 636 Quam
330 561 415 615 solita
435 568 479 612 est
495 558 562 632 plus
581 557 675 611 barba
692 559 808 627 madet,
831 559 878 612 dat
896 556 1024 613 alacrior
1043 556 1164 614 imbres

214 658 346 712 Sudantis
366 656 476 722 facies,
495 653 662 722 stillantque
682 669 697 704 a
715 653 827 706 vertice
847 651 921 719 rivi,
1004 724 1008 729 Ι

211 750 252 808 Et
268 752 337 805 laetae
356 767 410 820 per
428 759 530 818 pectus
550 765 649 818 aquae,
670 755 764 800 tumet
782 746 864 798 altius
882 743 968 798 undis

213 847 282 915 lpse
301 843 382 909 suis,
403 843 574 911 collumque
591 841 684 906 levat,
703 841 755 892 vix
773 840 879 909 accipit
897 856 1015 895 amnem

212 940 323 992 Alveus
343 935 536 987 immodicum
555 933 618 1004 ripa
636 934 778 1000 turgentis
797 943 920 1004 utraque

213 1031 304 1085 Ebria
322 1038 470 1096 gratantur
488 1038 547 1080 tam
565 1028 628 1079 lacta
648 1026 766 1079 flumina
785 1028 898 1096 passim

215 1123 403 1177 Circumfusa
419 1122 489 1174 Deo
499 1161 509 1187 ,
528 1120 727 1190 plauduntque
747 1129 775 1171 et
792 1135 945 1172 murmure
965 1119 1043 1172 dulci

212 1215 358 1282 indigenae
377 1214 454 1266 fluvii
472 1212 549 1266 miro
569 1212 758 1266 modulantur
777 1229 895 1279 amore,
1093 1199 1095 1205 ¹

212 1306 353 1363 Praesulis
372 1306 400 1358 in
419 1306 553 1369 taudem,
567 1304 656 1372 jubet
673 1304 752 1374 ipse,
774 1314 802 1356 ct
818 1304 1085 1374 plurima‘mandat

212 1399 345 1455 Addictis
365 1390 495 1469 gessisse
514 1413 650 1464 moram,
670 1397 717 1448 cui
736 1398 828 1450 festus
848 1396 971 1451 amictus

213 1493 294 1548 Palla
312 1464 384 1559 tdlglit
401 1491 477 1544 latos
494 1491 640 1543 humeros
658 1472 828 1558 longissima
847 1500 958 1559 tractu,

204 1586 251 1639 Et
269 1585 328 1637 lato
347 1570 475 1636 distensa
495 1583 559 1636 sinu
570 1623 582 1662 ἱ
601 1600 666 1653 quae
685 1594 813 1652 syrmate
833 1584 924 1652 longo

213 1679 398 1733 Immensum
415 1677 528 1730 telluris
548 1676 628 1744 obit,
647 1686 692 1730 tot
705 1677 810 1745 jugera
829 1693 968 1743 verrens,

214 1766 276 1826 Tot
293 1788 348 1848 por
365 1780 447 1840 prata
461 1771 584 1838 jacens,
604 1768 681 1822 imos
700 1769 769 1838 legit
789 1768 887 1823 inllma
905 1777 1031 1839 rnontes.

214 1864 391 1919 Grarnineas
413 1862 511 1932 operit
530 1862 645 1928 valles,
663 1856 848 1931 trahiturque
866 1863 979 1932 supina.

214 1956 363 2022 Textilis‚
383 1952 539 2025 Hercyniae
556 1954 658 2007 matris
676 1954 838 2024 spectabile
857 1955 967 2008 donum

137 2098 142 2103 .
212 2040 424 2120 Nympharum
442 2048 549 2115 labor,
571 2047 641 2100 huic
661 2064 766 2099 omnes
784 2065 850 2117 quae
868 2046 987 2103 flumina
1005 2058 1153 2118 servant,

214 2141 289 2213 Quae
307 2143 427 2208 fontes,
448 2158 512 2210 quaa
530 2150 630 2206 stagna
648 2149 770 2205 regunt,
795 2139 849 2192 sub
869 2141 988 2193 numine
1007 2157 1142 2210 quarum

212 2233 407 2287 Florea·rura
426 2232 529 2296 silent,
549 2247 734 2301 quaecunque
752 2232 906 2286 horrentia
922 2233 996 2290 lucis

215 2325 386 2382 Observant
403 2341 529 2379 nemora
548 2333 578 2377 et
595 2332 731 2390 montes,
751 2333 931 2395 centumque
949 2342 1003 2397 per
1021 2342 1120 2380 annos

213 2421 336 2476 Intentae
357 2421 462 2471 sedere
482 2417 587 2488 operi,
608 2432 676 2485 pars
693 2415 805 2484 tingere
823 2417 924 2486 lanas,

215 2514 288 2568 Pars
309 2514 398 2579 agiles
418 2511 515 2563 radios
535 2519 665 2562 extensae
685 2490 951 2579 irnpellerc³’tedae,

217 2606 289 2659 Pars
307 2604 388 2657 lento
407 2603 531 2671 graciles
552 2620 624 2655 auro
644 2602 830 2655 circumdare
852 2603 927 2656 filos.

216 2695 378 2749 Lanificam
398 2705 480 2749 tenet
497 2695 544 2748 illa
565 2697 685 2762 colum,
706 2704 870 2764 tractatque
891 2713 944 2764 per
966 2705 1062 2750 artem

218 2787 395 2842 Clostoreos
414 2790 516 2853 fusos,
535 2788 689 2858 digitisque
708 2787 840 2840 volubile
859 2805 994 2858 pensum.

217 2877 348 2931 Pectiuis
365 2879 430 2930 haec
450 2879 623 2932 moderatur
642 2897 735 2949 opus,
761 2881 865 2950 coquit
886 2882 977 2936 altera
996 2881 1116 2951 aheno,

218 2967 251 3023 In
271 2970 397 3039 graciles
415 2969 562 3040 discerpta
579 2972 703 3038 modos,
728 2991 788 3042 quo
806 2974 918 3027 vellera
935 2975 1026 3041 tingat

218 3060 387 3117 Herbarum
405 3080 534 3131 succos,
552 3064 618 3118 haec
637 3065 688 3118 vix
706 3066 846 3120 imitabile
864 3067 928 3121 visu

216 3156 314 3224 Pingit
333 3173 386 3208 acu
405 3174 592 3210 summorum
611 3157 767 3211 hominurn
789 3168 875 3212 vetus
893 3168 1114 3227 argumentum.

219 3252 275 3301 Ars
295 3249 423 3319 pretium
442 3259 579 3320 superat,
597 3250 698 3303 vacuis
717 3253 876 3305 certamina
894 3251 1034 3323 nymphis

218 3341 288 3394 llaec
307 3341 407 3410 posuit
424 3351 538 3407 mater,
558 3342 687 3396 stimulat
705 3346 880 3412 contentio,
900 3353 1017 3398 certant

216 3431 290 3486 Esse
312 3446 417 3502 pares,
436 3433 524 3499 jubet
541 3433 667 3486 artifices
685 3435 714 3487 in
732 3438 854 3491 stamine
875 3454 983 3509 pugnas

217 3525 282 3595 Ipsa
301 3541 359 3577 suaa
380 3518 591 3593 ¹qentis‘cerni,
612 3537 788 3600 veteresque
807 3531 937 3586 labores.

218 3617 390 3670 Primorum
410 3618 592 3671 monimenta
611 3620 737 3689 ducum,
756 3623 926 3695 patriosque
945 3623 1141 3698 triumphos,

217 3710 271 3763 Hic
289 3710 412 3774 honor,
430 3711 495 3764 haec
514 3712 576 3764 laus
595 3721 657 3778 est,
676 3714 726 3767 hic
746 3733 799 3768 cur
816 3725 864 3783 tu,
885 3717 1028 3784 Alberte,
1049 3722 1197 3796 labores,

216 3805 327 3875 Sponte
347 3802 518 3858 subit'ratio
533 3845 541 3870 ,
559 3807 621 3858 fert
636 3807 686 3858 hic
705 3825 756 3861 sua
774 3810 892 3878 praemia
914 3809 1017 3864 virtus.

215 3895 425 3965 Magnanimos
444 3897 519 3950 inter
538 3915 696 3966 proceres,
715 3901 873 3973 Rhenique
891 3903 1026 3968 sodales,

219 3990 316 4044 lodice
337 3989 471 4061 pictura,
494 4006 562 4060 pars
580 4007 641 4044 non
660 3996 820 4049 temnenda
836 4006 956 4050 tuorum
975 3982 1027 4057 est,
