2640 4634
550 341 651 440 Eleg.
689 343 735 415 X.

144 535 211 610 Qua
229 552 320 608 super
339 537 489 606 ingenium
508 537 658 593 Germana
678 539 779 593 nobile
802 540 878 596 lama
937 601 945 623 5

209 631 358 684 Buschius
378 643 442 683 ante
462 631 534 683 alios
555 633 684 685 carmina
704 632 806 686 scribit
826 649 916 704 eques
928 654 939 701 3

142 724 297 780 Basanitis
317 725 429 777 Aeoliis
449 724 561 777 validus
580 725 649 775 (lare
669 727 801 793 pondera
823 727 938 793 nervi8‚

210 817 357 871 Buschius
377 816 464 869 heroi
486 816 657 885 pernicitate
682 818 782 886 prdie,

141 911 289 965 Buschius
309 910 425 976 ingenio
444 908 533 961 vivax
552 920 580 962 ct
598 910 745 969 llusehius
764 930 833 980 ore,

210 1003 356 1057 Buschius
379 1002 497 1070 antiquo
518 1010 672 1055 stemmate
692 1014 774 1059 natus
796 1023 896 1076 eques.

78 1144 81 1149 .
141 1097 179 1153 Et
197 1095 288 1166 patria
305 1096 427 1162 junctus
445 1095 570 1146 volucer
586 1094 778 1153 Murmellius
798 1099 852 1164 illi,

211 1189 269 1262 Qui
288 1187 415 1240 novitate
434 1185 516 1252 Elegi
538 1187 676 1240 carminis
701 1199 785 1255 auget
803 1207 889 1260 opus.

144 1282 262 1356 Quique
283 1298 370 1334 suum
389 1280 477 1333 vertit
496 1296 596 1332 sacras
614 1280 779 1339 Montanus
799 1287 832 1337 ad
853 1287 923 1342 odas

210 1377 357 1440 Caranon,
390 1372 554 1441 etantiqua
573 1373 692 1425 munina
711 1393 797 1429 ruore
817 1381 902 1433 canit.

142 1470 273 1529 Nomina
291 1485 351 1521 non
370 1466 509 1531 memini,
538 1466 648 1517 nurltos
667 1478 765 1523 tamen
784 1481 849 1523 ante
868 1473 981 1527 videbis
989 1514 997 1540 ‚
1067 1452 1070 1457 Ι

211 1561 308 1633 Quam
327 1558 454 1611 trifidum
475 1559 508 1609 ad
528 1559 623 1611 Rheni
642 1559 729 1616 lintea
749 1562 857 1617 liumen
878 1583 953 1633 agas.

143 1655 239 1707 Sulcat
260 1652 448 1721 Agrippinam
467 1651 598 1703 lunatum
621 1651 700 1706 littus
720 1655 754 1706 ad
772 1656 879 1710 urbem

209 1747 355 1812 RhenuS,
388 1755 415 1794 et
433 1742 593 1794 occiduum
613 1745 707 1794 l'crtur
726 1745 754 1796 in
773 1746 947 1816 Oceanum,

143 1841 228 1897 Clara
247 1839 371 1907 opibus,
399 1831 509 1905 manha
528 1835 616 1899 loco,
642 1836 818 1906 pollensque
836 1841 987 1907 virorum,

211 1936 336 2004 Quaque
358 1940 401 1982 est
420 1928 573 1983 Germano
593 1926 688 1994 majus
707 1929 735 1983 in
755 1930 830 1988 orbe
850 1933 943 1998 nihil3

141 2026 241 2080 Nutrit
258 2026 425 2077 honoratos
445 2030 557 2075 sacrata
578 2022 701 2074 t'olonia
720 2032 817 2089 valea,

208 2118 246 2171 Et
269 2119 343 2169 faeta
363 2125 407 2168 est
425 2115 528 2168 similis
546 2115 606 2167 hoo
627 2131 746 2184 quoque
766 2115 884 2169 honore
904 2118 958 2172 sui.

140 2211 240 2266 Prima
261 2219 304 2262 est
323 2219 387 2260 anto
407 2209 480 2261 ulios
498 2208 608 2260 ‚iacobi
629 2208 721 2274 gloria
739 2208 870 2276 Gaudio,

210 2303 269 2375 Qui
289 2302 395 2354 miscet
413 2301 505 2355 sacris
525 2301 644 2354 Musica
663 2317 746 2355 sacra
769 2303 841 2361 suis.

140 2395 198 2449 Vix
218 2397 289 2447 alius
308 2404 425 2449 nostras
445 2394 531 2447 callet
548 2393 710 2447 studiosior
728 2405 822 2462 artua,

206 2489 264 2540 vix
287 2488 397 2553 Elegos
416 2503 491 2538 vena
511 2486 680 2538 candidiore
699 2487 779 2540 facit.

140 2579 179 2635 Et
195 2597 256 2633 non
274 2579 386 2646 vulgari
405 2578 578 2648 peregrinus
599 2578 684 2629 laude
703 2579 881 2646 Remaolus,

117 2738 128 2755 ·
206 2673 298 2740 Cujus
320 2688 414 2741 pauca
435 2669 554 2739 quidem
577 2669 629 2720 sed
650 2668 728 2720 bona
748 2669 808 2722 visa
831 2670 913 2723 mihi.

142 2763 290 2837 Quidquid
310 2766 345 2817 ad
365 2772 520 2834 expertum
540 2777 645 2830 posses
665 2761 805 2814 conferre
827 2772 963 2831 poetam,

207 2858 279 2910 Non
299 2859 385 2911 etiam
406 2857 547 2910 invalidus
567 2854 697 2907 carmine
717 2854 829 2908 Cantor
848 2855 947 2912 lama.

141 2949 206 3021 Qua
227 2951 320 3001 relluo
340 2951 500 3004 Trevirum
521 2949 645 3003 Rhenus
668 2946 743 3016 capit
767 2964 851 3000 unane
873 2944 1050 3009 Mosellam}

208 3041 288 3093 Urbs
310 3043 430 3094 liuvium
450 3040 577 3110 pulchro
598 3049 642 3092 est
658 3040 734 3091 inter
750 3048 910 3109 utriunque
929 3039 1004 3101 situ,

137 3138 177 3191 Et
195 3137 303 3198 locus,
335 3143 362 3184 et
380 3133 508 3202 populus
526 3130 627 3186 Musis
649 3141 677 3180 ot
698 3130 833 3203 Apolline
852 3129 977 3195 dignus3

208 3228 279 3278 llaec
299 3232 341 3276 est
361 3224 462 3276 Ulrioi
483 3223 575 3291 patria
592 3219 745 3274 Fati-icti.

138 3324 226 3376 lluno
247 3319 317 3371 olim
337 3316 425 3368 nobis
445 3314 517 3367 lines
536 3311 728 3382 pereuntibus
747 3310 874 3364 hosdem

209 3415 240 3465 ln
260 3411 361 3464 studiis
380 3408 497 3463 socium
514 3405 611 3460 Pallas
631 3403 724 3456 amica
747 3402 841 3469 dedit,
983 3472 986 3477 ⁵

139 3510 202 3561 Una
222 3506 325 3574 (titios,
355 3483 491 3571 unusque
510 3500 613 3565 labor,
644 3495 812 3549 communis
830 3494 948 3564 utrique

207 3599 272 3651 Vita
294 3596 364 3662 fuit,
394 3602 506 3650 tantum
526 3592 649 3647 contulit
669 3589 717 3641 illc
736 3588 818 3641 mihi.

139 3691 294 3759 Disjunxit
318 3688 435 3742 tandem
460 3685 554 3756 spatio
575 3687 694 3737 fortuna
712 3681 873 3748 locorum,

207 3786 290 3836 lleu!
317 3789 458 3850 quantum
477 3777 578 3832 studiis
599 3775 743 3830 invidiosa
762 3775 846 3827 meis,

141 3877 229 3950 Quod
250 3875 361 3943 potuit,
392 3872 480 3936 fecit,
509 3870 562 3922 sed
581 3869 639 3921 fido
665 3886 720 3934 ego
748 3867 839 3920 cordo
865 3864 974 3917 tenebo

208 3968 293 4020 lianc
311 3966 455 4034 juvenem
475 3972 502 4015 et
523 3979 593 4015 vera
612 3962 717 4030 dignor
737 3958 873 4013 amicitia.
