2640 4634
41 958 47 967 Ι
138 980 141 985 ’
174 982 229 1054 Ad
254 977 414 1051 Ulricum
438 974 655 1064 Favonium,
683 970 1055 1073 Gripeswaldensem,
1089 968 1182 1066 epti-

269 1123 367 1174 mum
392 1096 556 1169 amicum.

524 1307 826 1328 μ-Ψ-σ-Η*

175 1444 360 1563 Quidquid,
379 1471 489 1536 amice,
507 1467 579 1520 mihi
600 1465 714 1521 crudeli
733 1466 859 1520 Loesius
879 1486 952 1525 ausu

242 1565 358 1630 Intulit,
379 1571 411 1614 ut
429 1560 531 1631 spoliis
551 1559 642 1612 saeviit
662 1558 709 1612 ilie
726 1561 832 1627 noviS,

175 1662 251 1714 Ante
270 1656 358 1722 mihi,
375 1654 511 1718 memini,
533 1651 672 1718 dicebas,
691 1662 756 1705 ante
774 1653 939 1720 monebas,

242 1749 291 1804 Ne
310 1748 417 1800 vellem
442 1728 531 1798 inlido
551 1745 689 1798 credulus
710 1737 775 1799 esse
792 1747 869 1800 viro.

174 1842 326 1900 Narrabas
345 1841 475 1906 similes,
494 1854 567 1909 quas
586 1847 753 1908 sumpserat
771 1849 855 1906 ante,
874 1840 1008 1909 rapinas,

241 1935 280 1989 Et
297 1932 379 2004 potui
397 1932 512 1984 monitu
535 1931 650 1984 cautior
671 1947 737 1984 esse
755 1940 819 1984 tue.

176 2030 256 2098 Saepe
274 2036 371 2079 tamen
392 2023 469 2077 dixi:
490 2023 589 2077 vincet
606 2021 761 2092 patientia,
780 2025 895 2091 vincet,

241 2120 351 2174 Donec
372 2133 443 2171 ero,
464 2116 542 2168 facili
557 2114 654 2183 jurgia
673 2127 771 2169 mente
790 2119 895 2170 seram.

174 2211 287 2269 Viderit
304 2210 368 2262 haec
387 2211 416 2278 pl
432 2211 517 2276 ade,
535 2228 593 2263 neo
614 2219 698 2262 moto
720 2211 811 2264 corde
831 2211 996 2274 ferentem,

243 2302 396 2370 ingenium
413 2302 529 2354 tandem
549 2301 647 2355 mitius
667 2301 737 2355 illud
756 2301 820 2357 erit.

175 2394 243 2450 Nec
266 2394 342 2446 bene
362 2392 503 2461 certabit,
522 2394 578 2449 nisi
598 2393 685 2448 causi
703 2393 824 2447 mobilis
842 2392 918 2458 utta,

244 2487 318 2558 Quae
336 2486 415 2539 nulla
432 2493 473 2538 'ex
489 2485 595 2552 nobiS,
618 2496 650 2542 ut
668 2495 842 2552 moveatur,
863 2486 927 2538 erit.

175 2579 205 2634 Τ
208 2595 226 2630 u
244 2590 341 2632 tamen
360 2578 505 2645 instabas,
527 2578 693 2649 iterumque
712 2595 750 2631 ex
769 2579 860 2631 corde
878 2579 1042 2643 monebas,

242 2671 289 2737 „Si
308 2671 665 2741 sapis-ajebas.provida
684 2672 775 2724 corda
793 2661 879 2737 gere!

174 2763 214 2816 Ut
235 2763 306 2820 nihil
325 2763 461 2830 instiges,
478 2763 557 2816 haud
576 2764 673 2827 facto,
691 2763 769 2818 haud
787 2762 900 2814 laeseris
922 2779 974 2815 ore
984 2801 994 2827 ,

242 2855 392 2921 Inveniet,
411 2872 468 2923 qua
488 2863 515 2909 te
536 2854 637 2924 puniat
656 2863 734 2918 arte,
752 2863 860 2910 tamen.

174 2947 242 3017 Ipse
261 2946 316 2999 sibi
336 2962 454 2999 causam
473 2945 572 3012 dabit,
591 2945 777 3014 invenietque
797 2945 878 3014 quod
897 2945 994 3011 obsit,

241 3041 338 3107 Atque
358 3039 452 3107 aliqua
471 3038 574 3092 saltem
592 3038 695 3090 fraude
715 3055 828 3100 nocere
850 3038 934 3090 sciet.

176 3131 204 3185 Τ
208 3149 224 3183 u
242 3132 314 3184 nihil
333 3131 486 3197 offendes,
507 3146 595 3184 causa
612 3139 710 3185 tamen
729 3129 776 3182 ille
795 3130 936 3196 nocebit,

241 3223 290 3276 Ne
309 3232 432 3289 noceat,
451 3240 554 3290 magna
575 3231 619 3275 est
639 3223 736 3276 cautio
754 3223 890 3277 habenda
908 3224 989 3277 tibin*

174 3314 226 3368 Ille
244 3323 358 3380 tamen,
379 3315 445 3384 quia
463 3314 588 3368 blandus
609 3325 688 3383 erat,
709 3316 775 3385 quia
795 3333 872 3385 saepe
891 3315 1047 3383 bilinguis,

241 3405 376 3458 Detinuit
394 3407 491 3459 vultus
511 3407 665 3460 calliditate
683 3425 782 3462 meos,

173 3496 240 3551 lieu
258 3497 347 3563 mihi,
371 3508 416 3551 tot
433 3498 572 3565 monitis,
592 3510 620 3551 et
639 3501 736 3553 amico
753 3500 920 3560 hortamine
941 3501 1074 3554 nondum

241 3589 388 3656 Mobilis,
407 3589 502 3642 erravi
521 3591 692 3644 credulitate
711 3608 786 3648 mea.

175 3682 265 3754 Quod
284 3691 382 3736 tamen
402 3681 514 3746 erravi,
531 3682 617 3735 venia
636 3699 701 3737 sum
722 3683 823 3751 dignus
843 3685 870 3738 in
890 3685 962 3752 illo,

240 3774 312 3827 Non
332 3772 431 3845 sprevi
448 3772 599 3837 monitus,
619 3774 713 3828 duleis
733 3776 845 3842 amice,
864 3777 940 3845 pios.

172 3864 261 3921 Fidus
282 3879 362 3915 eram
380 3862 519 3930 nimium,
538 3865 661 3916 nimium
680 3869 823 3933 patienter
842 3868 964 3933 adhaesi,

243 3957 316 4028 Quae
338 3955 423 4034 culpa
442 3963 503 4022 est,
522 3957 614 4014 virtus
632 3959 697 4020 haec
716 3962 818 4016 eadem
838 3975 902 4012 esse
921 3969 1029 4030 potest.
