2640 4634
463 776 725 843 Joachimi
763 775 996 841 Vadiani

709 903 745 951 ad

280 1004 643 1104 Georgium
703 1003 1167 1080 Collimitium

514 1138 924 1255 Epistola.

223 1480 408 1539 Joachtmns
429 1481 617 1549 Vedianas,
653 1482 812 1539 Helvetius
833 1484 931 1538 Poeta
954 1491 983 1537 et
1006 1481 1127 1539 Orator
1143 1480 1230 1551 Lau,

293 1586 401 1636 reatus
427 1576 564 1651 Gcorqio
591 1578 759 1635 Collimitio
784 1577 1015 1631 Mathematico
1046 1584 1074 1629 ct
1100 1578 1230 1635 Medico

289 1673 325 1729 S.
348 1671 392 1728 D.

131 1885 134 1891 .
224 1801 333 1917 Yanit
367 1832 582 1913 superioribus
613 1832 772 1898 mensibus
804 1834 843 1895 ad
876 1852 927 1894 ma
958 1832 1160 1916 Mariumque
1200 1846 1252 1897 et·

224 1935 463 2019 Aperbacchutu
491 1933 577 1996 illum
608 1933 785 2009 eruditum,
827 1935 901 1994 dum
930 1955 1093 2016 ageremus
1122 1947 1236 1998 contu·

224 2035 356 2108 berni0,
388 2032 531 2098 Ulrichus
550 2034 728 2108 Huttenus,
761 2035 881 2110 Poc'ta,
914 2046 993 2110 tam,
1022 2046 1057 2096 ut
1076 2036 1143 2119 ipse
1164 2035 1237 2118 qui·

226 2136 299 2199 dem
318 2133 428 2195 videre
452 2132 588 2211 videor,
615 2132 736 2214 ingenii
760 2133 953 2197 fecunditate
979 2135 1109 2210 nobilis,
1141 2157 1236 2218 quam

226 2231 380 2315 majorum
410 2220 614 2308 claritudine,
650 2255 686 2293 ac
711 2233 827 2316 insigni
854 2235 999 2315 prosapia
1022 2232 1235 2316 famigeratus,

227 2335 339 2418 quiea
357 2333 425 2396 sere
444 2330 583 2409 ratione,
604 2345 635 2394 et
654 2333 781 2397 accessit
800 2355 876 2410 nos,
897 2347 928 2394 ct
947 2347 1090 2414 acceptus
1109 2336 1236 2398 anobis

227 2447 290 2514 cst,
323 2455 385 2519 qua
412 2434 590 2496 constantiae
622 2456 657 2495 ac
682 2432 875 2496 fortitudinis
903 2438 1078 2514 exemplar,
1110 2436 1240 2515 Ulysses

227 2539 295 2615 ille,
326 2557 423 2622 quum
448 2534 540 2612 terris
567 2533 697 2617 jactatus
729 2546 760 2595 et
791 2537 871 2610 alto,
904 2535 937 2596 vi
963 2557 1130 2615 superum,
1166 2545 1238 2617 post

226 2641 386 2720 ingentem
405 2636 486 2697 illam
506 2635 648 2710 Alcinoi,
676 2636 840 2699 Phaeacum
860 2637 979 2718 Regis,
1005 2637 1235 2712 humanitatem,

227 2737 357 2819 patriam
381 2747 504 2817 peteret
524 2737 575 2812 ⁹¹²¹);
605 2737 644 2796 ad
668 2757 727 2799 nos
758 2737 864 2810 venit,
891 2733 1077 2818 quibuscum
1101 2737 1237 2817 pristina

229 2837 343 2921 quietis
369 2839 513 2914 voluptas
540 2835 599 2896 sibi
628 2835 765 2898 accessit.
813 2840 918 2916 Quum
948 2837 1031 2898 enim
1062 2838 1113 2898 vel
1140 2838 1240 2918 prima

229 2947 340 3009 nocte,
361 2955 423 3017 qua
441 2936 520 2994 lares
532 2947 659 2997 nostros
677 2935 837 3016 ingressus
859 2947 921 3012 est,
940 2939 1119 3017 petentibus
1135 2938 1237 3013 nobis,

231 3037 341 3102 ordine
373 3045 546 3110 narrasset,
586 3057 680 3117 quam
717 3036 928 3120 peregrinatio
963 3060 1018 3099 sua
1055 3037 1240 3120 experiendi

231 3136 329 3222 gratia
347 3135 506 3211 instituta,
527 3137 669 3199 aerumnis
682 3136 799 3199 rcserta
811 3135 926 3213 suerit,
948 3158 1104 3220 quamque
1117 3136 1150 3200 in
1160 3138 1240 3199 Ger·

230 3241 351 3305 manico
368 3236 461 3298 etiam
473 3237 620 3312 Oceano,
641 3258 735 3320 quern
750 3237 798 3315 l‘²²³‘)
816 3235 934 3319 attigit,
955 3237 1109 3316 Scyllaeam
1122 3233 1241 3300 rabiem

232 3352 395 3420 expertus,
423 3338 463 3397 ad
488 3337 632 3417 proxima
657 3337 761 3399 littora
787 3337 821 3402 in
847 3335 1022 3417 Cyclopum
1046 3339 1112 3415 aaa)
1133 3358 1242 3406 manus

230 3438 394 3513 inciderit3
416 3457 498 3522 quos
514 3436 650 3515 primum
670 3437 808 3514 (mirum)
833 3437 949 3498 amicos
966 3436 1109 3500 habuisse
1129 3438 1241 3519 ajebat,

232 3538 346 3601 deinde
368 3557 464 3615 vero,
498 3550 632 3616 urgente
653 3537 735 3614 fato,
767 3560 864 3620 quum
884 3538 942 3600 iter
965 3541 1025 3601 alio
1049 3540 1245 3617 instituisset,
1295 3540 1299 3548 ’

232 3637 343 3701 furore
372 3647 553 3717 correptos,
587 3649 698 3715 practer
724 3637 820 3699 vitam
853 3640 957 3701 omnia
991 3641 1142 3719 eripuisse
1172 3641 1245 3717 sibi,

234 3754 328 3818 quam
355 3748 387 3796 et
414 3737 512 3816 ipsam
541 3734 667 3816 petitam
693 3758 777 3814 esse,
816 3739 996 3816 cicatrices,
1030 3761 1107 3822 quas
1137 3740 1242 3817 nobis,

236 3842 399 3861 m

269 3883 293 3944 ⁴)
311 3897 413 3951 petens,
432 3892 518 3945 suna

252 3967 292 4030 *ἢ
310 3979 388 4036 quod,
406 3975 431 4023 B.

236 4054 291 4128 aas)
310 4060 412 4108 ncmlich
431 4061 473 4111 der
489 4056 599 4110 Lorst'en
