<?xml version="1.0" encoding="UTF-8"?>
<!DOCTYPE html PUBLIC "-//W3C//DTD XHTML 1.0 Transitional//EN"
    "http://www.w3.org/TR/xhtml1/DTD/xhtml1-transitional.dtd">
<html xmlns="http://www.w3.org/1999/xhtml" xml:lang="en" lang="en">
 <head>
  <title>
</title>
<meta http-equiv="Content-Type" content="text/html;charset=utf-8" />
  <meta name='ocr-system' content='tesseract 3.04.00' />
  <meta name='ocr-capabilities' content='ocr_page ocr_carea ocr_par ocr_line ocrx_word'/>
</head>
<body>
  <div class='ocr_page' id='page_1' title='image "./ulrichiabhutten01mngoog_0166.png"; bbox 0 0 2640 4634; ppageno 0'>
   <div class='ocr_carea' id='block_1_1' title="bbox 235 360 853 454">
    <p class='ocr_par' dir='ltr' id='par_1_1' title="bbox 235 360 853 454">
     <span class='ocr_line' id='line_1_1' title="bbox 235 360 853 454; baseline -0.008 -15"><span class='ocrx_word' id='word_1_1' title='bbox 235 370 280 441; x_wconf 76' lang='lat'>62</span> <span class='ocrx_word' id='word_1_2' title='bbox 591 360 738 454; x_wconf 85' lang='lat' dir='ltr'>Querel.</span> <span class='ocrx_word' id='word_1_3' title='bbox 764 363 785 432; x_wconf 87' lang='lat' dir='ltr'>l.</span> <span class='ocrx_word' id='word_1_4' title='bbox 810 363 853 434; x_wconf 86' lang='grc' dir='ltr'>ΙΙ.</span> 
     </span>
    </p>
   </div>
   <div class='ocr_carea' id='block_1_2' title="bbox 145 554 1242 3307">
    <p class='ocr_par' dir='ltr' id='par_1_2' title="bbox 145 554 1242 3307">
     <span class='ocr_line' id='line_1_2' title="bbox 232 554 1019 628; baseline -0.005 -14"><span class='ocrx_word' id='word_1_5' title='bbox 232 559 273 614; x_wconf 85' lang='lat' dir='ltr'>Et</span> <span class='ocrx_word' id='word_1_6' title='bbox 290 555 401 628; x_wconf 83' lang='lat' dir='ltr'>Stygias</span> <span class='ocrx_word' id='word_1_7' title='bbox 418 557 550 612; x_wconf 84' lang='lat' dir='ltr'>movisse</span> <span class='ocrx_word' id='word_1_8' title='bbox 569 555 669 621; x_wconf 83' lang='lat' dir='ltr'>faces,</span> <span class='ocrx_word' id='word_1_9' title='bbox 698 554 840 611; x_wconf 87' lang='lat' dir='ltr'><strong>sumsisse</strong></span> <span class='ocrx_word' id='word_1_10' title='bbox 866 555 1019 624; x_wconf 84' lang='lat' dir='ltr'>furorem,</span> 
     </span>
     <span class='ocr_line' id='line_1_3' title="bbox 300 647 795 705; baseline -0.008 0"><span class='ocrx_word' id='word_1_11' title='bbox 300 651 339 705; x_wconf 91' lang='lat' dir='ltr'>Et</span> <span class='ocrx_word' id='word_1_12' title='bbox 356 659 451 704; x_wconf 87' lang='lat' dir='ltr'>totum</span> <span class='ocrx_word' id='word_1_13' title='bbox 469 650 533 702; x_wconf 89' lang='lat' dir='ltr'>telis</span> <span class='ocrx_word' id='word_1_14' title='bbox 553 647 708 701; x_wconf 81' lang='lat' dir='ltr'>incaluisse</span> <span class='ocrx_word' id='word_1_15' title='bbox 726 649 795 701; x_wconf 71' lang='lat' dir='ltr'>tui8.</span> 
     </span>
     <span class='ocr_line' id='line_1_4' title="bbox 158 739 1242 823; baseline 0.004 -27"><span class='ocrx_word' id='word_1_16' title='bbox 158 818 161 823; x_wconf 20' lang='lat' dir='ltr'><em>r</em></span> <span class='ocrx_word' id='word_1_17' title='bbox 233 743 371 818; x_wconf 75' lang='lat' dir='ltr'>Quaeris,</span> <span class='ocrx_word' id='word_1_18' title='bbox 406 759 440 795; x_wconf 85' lang='lat' dir='ltr'>an</span> <span class='ocrx_word' id='word_1_19' title='bbox 464 741 529 794; x_wconf 86' lang='lat' dir='ltr'>haec</span> <span class='ocrx_word' id='word_1_20' title='bbox 554 747 691 805; x_wconf 84' lang='lat' dir='ltr'>maneat,</span> <span class='ocrx_word' id='word_1_21' title='bbox 727 757 814 808; x_wconf 84' lang='lat' dir='ltr'>quam</span> <span class='ocrx_word' id='word_1_22' title='bbox 841 748 911 792; x_wconf 90' lang='lat' dir='ltr'>tunc</span> <span class='ocrx_word' id='word_1_23' title='bbox 938 741 1057 794; x_wconf 85' lang='lat' dir='ltr'>fortuna</span> <span class='ocrx_word' id='word_1_24' title='bbox 1084 739 1242 800; x_wconf 67' lang='lat' dir='ltr'>ferebam?</span> 
     </span>
     <span class='ocr_line' id='line_1_5' title="bbox 145 825 1157 904; baseline 0 -15"><span class='ocrx_word' id='word_1_25' title='bbox 145 825 152 832; x_wconf 55' lang='grc'><strong><em>’</em></strong></span> <span class='ocrx_word' id='word_1_26' title='bbox 256 883 259 887; x_wconf 84' lang='lat'><strong>.</strong></span> <span class='ocrx_word' id='word_1_27' title='bbox 300 837 385 893; x_wconf 84' lang='lat' dir='ltr'>Pone</span> <span class='ocrx_word' id='word_1_28' title='bbox 402 843 517 901; x_wconf 86' lang='lat' dir='ltr'>metus,</span> <span class='ocrx_word' id='word_1_29' title='bbox 542 833 701 904; x_wconf 89' lang='lat' dir='ltr'>pulchrum</span> <span class='ocrx_word' id='word_1_30' title='bbox 721 842 765 884; x_wconf 87' lang='lat' dir='ltr'>est</span> <span class='ocrx_word' id='word_1_31' title='bbox 786 847 834 888; x_wconf 89' lang='lat' dir='ltr'>res</span> <span class='ocrx_word' id='word_1_32' title='bbox 852 848 919 884; x_wconf 86' lang='lat' dir='ltr'>mea</span> <span class='ocrx_word' id='word_1_33' title='bbox 936 842 1021 885; x_wconf 86' lang='lat' dir='ltr'>nacta</span> <span class='ocrx_word' id='word_1_34' title='bbox 1039 842 1157 890; x_wconf 83' lang='lat' dir='ltr'>statum.</span> 
     </span>
     <span class='ocr_line' id='line_1_6' title="bbox 231 923 951 992; baseline -0.013 -10"><span class='ocrx_word' id='word_1_35' title='bbox 231 928 375 984; x_wconf 88' lang='lat' dir='ltr'>Nondum</span> <span class='ocrx_word' id='word_1_36' title='bbox 394 927 530 979; x_wconf 83' lang='lat' dir='ltr'>convalui</span> <span class='ocrx_word' id='word_1_37' title='bbox 551 935 650 992; x_wconf 71' lang='lat' dir='ltr'>totuS,</span> <span class='ocrx_word' id='word_1_38' title='bbox 669 923 808 992; x_wconf 79' lang='lat' dir='ltr'>viresque</span> <span class='ocrx_word' id='word_1_39' title='bbox 832 924 951 992; x_wconf 88' lang='lat' dir='ltr'>recepi,</span> 
     </span>
     <span class='ocr_line' id='line_1_7' title="bbox 300 1016 1056 1089; baseline -0.004 -17"><span class='ocrx_word' id='word_1_40' title='bbox 300 1020 372 1089; x_wconf 87' lang='lat' dir='ltr'>Spes</span> <span class='ocrx_word' id='word_1_41' title='bbox 390 1028 487 1071; x_wconf 84' lang='lat' dir='ltr'>tumen</span> <span class='ocrx_word' id='word_1_42' title='bbox 506 1026 550 1071; x_wconf 89' lang='lat' dir='ltr'>est</span> <span class='ocrx_word' id='word_1_43' title='bbox 567 1017 677 1083; x_wconf 84' lang='lat' dir='ltr'>ratior,</span> <span class='ocrx_word' id='word_1_44' title='bbox 707 1032 796 1085; x_wconf 79' lang='lat' dir='ltr'>quam</span> <span class='ocrx_word' id='word_1_45' title='bbox 813 1016 867 1068; x_wconf 85' lang='lat' dir='ltr'>fuit</span> <span class='ocrx_word' id='word_1_46' title='bbox 886 1025 951 1068; x_wconf 84' lang='lat' dir='ltr'>ante</span> <span class='ocrx_word' id='word_1_47' title='bbox 974 1016 1056 1073; x_wconf 83' lang='lat' dir='ltr'>mihi.</span> 
     </span>
     <span class='ocr_line' id='line_1_8' title="bbox 231 1107 982 1178; baseline -0.008 -12"><span class='ocrx_word' id='word_1_48' title='bbox 231 1110 429 1166; x_wconf 81' lang='lat' dir='ltr'>Rostochiam</span> <span class='ocrx_word' id='word_1_49' title='bbox 447 1110 545 1178; x_wconf 82' lang='lat' dir='ltr'>spolio</span> <span class='ocrx_word' id='word_1_50' title='bbox 565 1109 670 1166; x_wconf 88' lang='lat' dir='ltr'>deveni</span> <span class='ocrx_word' id='word_1_51' title='bbox 694 1108 789 1160; x_wconf 90' lang='lat' dir='ltr'>nudus</span> <span class='ocrx_word' id='word_1_52' title='bbox 809 1107 838 1160; x_wconf 90' lang='lat' dir='ltr'>in</span> <span class='ocrx_word' id='word_1_53' title='bbox 857 1108 982 1177; x_wconf 87' lang='lat' dir='ltr'>urbem,</span> 
     </span>
     <span class='ocr_line' id='line_1_9' title="bbox 299 1201 874 1271; baseline -0.005 -15"><span class='ocrx_word' id='word_1_54' title='bbox 299 1203 401 1261; x_wconf 76' lang='lat' dir='ltr'>Inueni</span> <span class='ocrx_word' id='word_1_55' title='bbox 422 1202 529 1258; x_wconf 76' lang='lat' dir='ltr'>doctos</span> <span class='ocrx_word' id='word_1_56' title='bbox 548 1201 677 1271; x_wconf 87' lang='lat' dir='ltr'>qualibet</span> <span class='ocrx_word' id='word_1_57' title='bbox 696 1209 757 1254; x_wconf 81' lang='lat' dir='ltr'>arte</span> <span class='ocrx_word' id='word_1_58' title='bbox 775 1201 874 1266; x_wconf 75' lang='lat' dir='ltr'>vir08‚</span> 
     </span>
     <span class='ocr_line' id='line_1_10' title="bbox 231 1293 824 1359; baseline -0.012 -8"><span class='ocrx_word' id='word_1_59' title='bbox 231 1293 333 1351; x_wconf 88' lang='lat' dir='ltr'>Inveni</span> <span class='ocrx_word' id='word_1_60' title='bbox 352 1295 453 1347; x_wconf 83' lang='lat' dir='ltr'>faciles</span> <span class='ocrx_word' id='word_1_61' title='bbox 479 1303 507 1346; x_wconf 87' lang='lat' dir='ltr'>et</span> <span class='ocrx_word' id='word_1_62' title='bbox 530 1294 675 1348; x_wconf 83' lang='lat' dir='ltr'>libertatis</span> <span class='ocrx_word' id='word_1_63' title='bbox 695 1293 824 1359; x_wconf 84' lang='lat' dir='ltr'>amicos,</span> 
     </span>
     <span class='ocr_line' id='line_1_11' title="bbox 297 1385 935 1456; baseline -0.005 -14"><span class='ocrx_word' id='word_1_64' title='bbox 297 1388 404 1442; x_wconf 85' lang='lat' dir='ltr'>Omnia</span> <span class='ocrx_word' id='word_1_65' title='bbox 424 1387 550 1456; x_wconf 82' lang='lat' dir='ltr'>pulchra</span> <span class='ocrx_word' id='word_1_66' title='bbox 573 1387 666 1454; x_wconf 84' lang='lat' dir='ltr'>magis</span> <span class='ocrx_word' id='word_1_67' title='bbox 687 1385 858 1438; x_wconf 83' lang='lat' dir='ltr'>credulitate</span> <span class='ocrx_word' id='word_1_68' title='bbox 877 1392 935 1439; x_wconf 84' lang='lat' dir='ltr'>tua.</span> 
     </span>
     <span class='ocr_line' id='line_1_12' title="bbox 231 1478 1017 1548; baseline 0.001 -15"><span class='ocrx_word' id='word_1_69' title='bbox 231 1479 279 1534; x_wconf 89' lang='lat' dir='ltr'>Sic</span> <span class='ocrx_word' id='word_1_70' title='bbox 304 1496 352 1531; x_wconf 88' lang='lat' dir='ltr'>me</span> <span class='ocrx_word' id='word_1_71' title='bbox 373 1478 533 1546; x_wconf 86' lang='lat' dir='ltr'>juverunt,</span> <span class='ocrx_word' id='word_1_72' title='bbox 569 1479 606 1532; x_wconf 82' lang='lat' dir='ltr'>ita</span> <span class='ocrx_word' id='word_1_73' title='bbox 624 1493 692 1535; x_wconf 88' lang='lat' dir='ltr'>sum</span> <span class='ocrx_word' id='word_1_74' title='bbox 709 1488 866 1548; x_wconf 86' lang='lat' dir='ltr'>susceptus</span> <span class='ocrx_word' id='word_1_75' title='bbox 886 1479 923 1532; x_wconf 83' lang='lat' dir='ltr'>ab</span> <span class='ocrx_word' id='word_1_76' title='bbox 943 1480 1017 1547; x_wconf 87' lang='lat' dir='ltr'>illis,</span> 
     </span>
     <span class='ocr_line' id='line_1_13' title="bbox 297 1570 948 1641; baseline 0.002 -17"><span class='ocrx_word' id='word_1_77' title='bbox 297 1571 336 1624; x_wconf 93' lang='lat' dir='ltr'>Ut</span> <span class='ocrx_word' id='word_1_78' title='bbox 353 1571 454 1624; x_wconf 82' lang='lat' dir='ltr'>videar</span> <span class='ocrx_word' id='word_1_79' title='bbox 471 1570 563 1641; x_wconf 79' lang='lat' dir='ltr'>patria</span> <span class='ocrx_word' id='word_1_80' title='bbox 581 1588 643 1627; x_wconf 86' lang='lat' dir='ltr'>non</span> <span class='ocrx_word' id='word_1_81' title='bbox 660 1571 767 1641; x_wconf 88' lang='lat' dir='ltr'>procul</span> <span class='ocrx_word' id='word_1_82' title='bbox 788 1587 853 1624; x_wconf 88' lang='lat' dir='ltr'>esse</span> <span class='ocrx_word' id='word_1_83' title='bbox 872 1588 948 1626; x_wconf 84' lang='lat' dir='ltr'>mea.</span> 
     </span>
     <span class='ocr_line' id='line_1_14' title="bbox 230 1663 1047 1736; baseline -0.001 -17"><span class='ocrx_word' id='word_1_84' title='bbox 230 1664 300 1719; x_wconf 85' lang='lat' dir='ltr'>Haec</span> <span class='ocrx_word' id='word_1_85' title='bbox 318 1680 385 1716; x_wconf 84' lang='lat' dir='ltr'>mea</span> <span class='ocrx_word' id='word_1_86' title='bbox 405 1664 604 1730; x_wconf 71' lang='lat' dir='ltr'>summost,</span> <span class='ocrx_word' id='word_1_87' title='bbox 638 1664 691 1716; x_wconf 83' lang='lat' dir='ltr'>sed</span> <span class='ocrx_word' id='word_1_88' title='bbox 709 1663 835 1717; x_wconf 79' lang='lat' dir='ltr'>Loesius</span> <span class='ocrx_word' id='word_1_89' title='bbox 855 1664 901 1718; x_wconf 81' lang='lat' dir='ltr'>ilia</span> <span class='ocrx_word' id='word_1_90' title='bbox 921 1665 1047 1736; x_wconf 80' lang='lat' dir='ltr'><strong>rumpit,</strong></span> 
     </span>
     <span class='ocr_line' id='line_1_15' title="bbox 296 1754 848 1826; baseline 0.004 -18"><span class='ocrx_word' id='word_1_91' title='bbox 296 1754 335 1808; x_wconf 90' lang='lat' dir='ltr'>Et</span> <span class='ocrx_word' id='word_1_92' title='bbox 353 1755 430 1807; x_wconf 89' lang='lat' dir='ltr'>foede</span> <span class='ocrx_word' id='word_1_93' title='bbox 448 1756 543 1809; x_wconf 85' lang='lat' dir='ltr'>nostri</span> <span class='ocrx_word' id='word_1_94' title='bbox 563 1757 652 1826; x_wconf 87' lang='lat' dir='ltr'>pallet</span> <span class='ocrx_word' id='word_1_95' title='bbox 671 1756 707 1809; x_wconf 83' lang='lat' dir='ltr'>ab</span> <span class='ocrx_word' id='word_1_96' title='bbox 732 1756 848 1810; x_wconf 82' lang='lat' dir='ltr'>invidia.</span> 
     </span>
     <span class='ocr_line' id='line_1_16' title="bbox 228 1847 979 1920; baseline 0.003 -18"><span class='ocrx_word' id='word_1_97' title='bbox 228 1847 420 1918; x_wconf 81' lang='lat' dir='ltr'>Exercetque</span> <span class='ocrx_word' id='word_1_98' title='bbox 445 1864 539 1902; x_wconf 82' lang='lat' dir='ltr'>novas</span> <span class='ocrx_word' id='word_1_99' title='bbox 563 1863 709 1905; x_wconf 82' lang='lat' dir='ltr'>successu</span> <span class='ocrx_word' id='word_1_100' title='bbox 734 1850 877 1920; x_wconf 88' lang='lat' dir='ltr'>temporis</span> <span class='ocrx_word' id='word_1_101' title='bbox 904 1850 979 1917; x_wconf 74' lang='lat' dir='ltr'>irae,</span> 
     </span>
     <span class='ocr_line' id='line_1_17' title="bbox 295 1940 861 2010; baseline 0 -14"><span class='ocrx_word' id='word_1_102' title='bbox 295 1942 363 1996; x_wconf 91' lang='lat' dir='ltr'>Nec</span> <span class='ocrx_word' id='word_1_103' title='bbox 381 1940 467 1994; x_wconf 90' lang='lat' dir='ltr'>video</span> <span class='ocrx_word' id='word_1_104' title='bbox 487 1942 581 2010; x_wconf 82' lang='lat' dir='ltr'>culpae</span> <span class='ocrx_word' id='word_1_105' title='bbox 598 1941 770 2010; x_wconf 84' lang='lat' dir='ltr'>poenituisse</span> <span class='ocrx_word' id='word_1_106' title='bbox 790 1959 861 1996; x_wconf 84' lang='lat' dir='ltr'>suae.</span> 
     </span>
     <span class='ocr_line' id='line_1_18' title="bbox 227 2032 926 2104; baseline -0.003 -15"><span class='ocrx_word' id='word_1_107' title='bbox 227 2032 385 2100; x_wconf 69' lang='lat' dir='ltr'>Paenituit,</span> <span class='ocrx_word' id='word_1_108' title='bbox 412 2047 485 2089; x_wconf 83' lang='lat' dir='ltr'>suus</span> <span class='ocrx_word' id='word_1_109' title='bbox 503 2042 535 2086; x_wconf 90' lang='lat' dir='ltr'>ut</span> <span class='ocrx_word' id='word_1_110' title='bbox 552 2034 692 2104; x_wconf 77' lang='lat' dir='ltr'>princeps</span> <span class='ocrx_word' id='word_1_111' title='bbox 711 2034 847 2089; x_wconf 83' lang='lat' dir='ltr'>irascitur</span> <span class='ocrx_word' id='word_1_112' title='bbox 866 2035 905 2087; x_wconf 90' lang='lat' dir='ltr'>illi</span> <span class='ocrx_word' id='word_1_113' title='bbox 916 2073 926 2102; x_wconf 91' lang='lat'><strong><em>,</em></strong></span> 
     </span>
     <span class='ocr_line' id='line_1_19' title="bbox 294 2125 1076 2195; baseline -0.001 -16"><span class='ocrx_word' id='word_1_114' title='bbox 294 2125 334 2179; x_wconf 88' lang='lat' dir='ltr'>Et</span> <span class='ocrx_word' id='word_1_115' title='bbox 351 2125 418 2195; x_wconf 86' lang='lat' dir='ltr'>quia</span> <span class='ocrx_word' id='word_1_116' title='bbox 436 2133 585 2178; x_wconf 82' lang='lat' dir='ltr'>tantorum</span> <span class='ocrx_word' id='word_1_117' title='bbox 604 2135 649 2179; x_wconf 86' lang='lat' dir='ltr'>est</span> <span class='ocrx_word' id='word_1_118' title='bbox 668 2126 790 2180; x_wconf 87' lang='lat' dir='ltr'>conscia</span> <span class='ocrx_word' id='word_1_119' title='bbox 807 2142 892 2179; x_wconf 88' lang='lat' dir='ltr'>mens</span> <span class='ocrx_word' id='word_1_120' title='bbox 910 2126 1076 2192; x_wconf 81' lang='lat' dir='ltr'>scelerum,</span> 
     </span>
     <span class='ocr_line' id='line_1_20' title="bbox 226 2215 1046 2289; baseline -0.004 -17"><span class='ocrx_word' id='word_1_121' title='bbox 226 2217 365 2284; x_wconf 84' lang='lat' dir='ltr'>Deinde,</span> <span class='ocrx_word' id='word_1_122' title='bbox 397 2215 456 2270; x_wconf 89' lang='lat' dir='ltr'>mei</span> <span class='ocrx_word' id='word_1_123' title='bbox 475 2226 601 2271; x_wconf 86' lang='lat' dir='ltr'>cunctos</span> <span class='ocrx_word' id='word_1_124' title='bbox 621 2219 687 2289; x_wconf 82' lang='lat' dir='ltr'>quia</span> <span class='ocrx_word' id='word_1_125' title='bbox 708 2217 928 2272; x_wconf 83' lang='lat' dir='ltr'>commiseratio</span> <span class='ocrx_word' id='word_1_126' title='bbox 948 2219 1046 2289; x_wconf 88' lang='lat' dir='ltr'>cepit,</span> 
     </span>
     <span class='ocr_line' id='line_1_21' title="bbox 296 2309 976 2382; baseline 0.006 -21"><span class='ocrx_word' id='word_1_127' title='bbox 296 2309 446 2382; x_wconf 76' lang='lat' dir='ltr'><strong>Quodque</strong></span> <span class='ocrx_word' id='word_1_128' title='bbox 463 2325 516 2362; x_wconf 85' lang='lat' dir='ltr'>sua</span> <span class='ocrx_word' id='word_1_129' title='bbox 534 2311 628 2363; x_wconf 85' lang='lat' dir='ltr'>nostri</span> <span class='ocrx_word' id='word_1_130' title='bbox 647 2311 719 2364; x_wconf 90' lang='lat' dir='ltr'>vivit</span> <span class='ocrx_word' id='word_1_131' title='bbox 736 2310 765 2362; x_wconf 90' lang='lat' dir='ltr'>iu</span> <span class='ocrx_word' id='word_1_132' title='bbox 785 2311 861 2363; x_wconf 93' lang='lat' dir='ltr'>urbe</span> <span class='ocrx_word' id='word_1_133' title='bbox 880 2312 976 2365; x_wconf 85' lang='lat' dir='ltr'>favor.</span> 
     </span>
     <span class='ocr_line' id='line_1_22' title="bbox 228 2401 1013 2472; baseline 0.003 -15"><span class='ocrx_word' id='word_1_134' title='bbox 228 2401 305 2457; x_wconf 83' lang='lat' dir='ltr'>Huic</span> <span class='ocrx_word' id='word_1_135' title='bbox 316 2403 410 2471; x_wconf 72' lang='lat' dir='ltr'>&#39;igitur</span> <span class='ocrx_word' id='word_1_136' title='bbox 428 2405 554 2472; x_wconf 85' lang='lat' dir='ltr'>parcas?</span> <span class='ocrx_word' id='word_1_137' title='bbox 591 2410 638 2455; x_wconf 84' lang='lat' dir='ltr'>aut</span> <span class='ocrx_word' id='word_1_138' title='bbox 655 2419 703 2455; x_wconf 89' lang='lat' dir='ltr'>me</span> <span class='ocrx_word' id='word_1_139' title='bbox 725 2404 854 2472; x_wconf 82' lang='lat' dir='ltr'>parsisse</span> <span class='ocrx_word' id='word_1_140' title='bbox 868 2403 1013 2470; x_wconf 82' lang='lat' dir='ltr'>jubebis?</span> 
     </span>
     <span class='ocr_line' id='line_1_23' title="bbox 294 2494 996 2566; baseline 0.001 -17"><span class='ocrx_word' id='word_1_141' title='bbox 294 2494 333 2549; x_wconf 90' lang='lat' dir='ltr'>Et</span> <span class='ocrx_word' id='word_1_142' title='bbox 350 2504 437 2565; x_wconf 91' lang='lat' dir='ltr'>potes</span> <span class='ocrx_word' id='word_1_143' title='bbox 455 2494 517 2548; x_wconf 93' lang='lat' dir='ltr'>hoc</span> <span class='ocrx_word' id='word_1_144' title='bbox 536 2511 622 2564; x_wconf 83' lang='lat' dir='ltr'>aequo</span> <span class='ocrx_word' id='word_1_145' title='bbox 643 2506 766 2566; x_wconf 82' lang='lat' dir='ltr'>pectore</span> <span class='ocrx_word' id='word_1_146' title='bbox 788 2496 868 2548; x_wconf 83' lang='lat' dir='ltr'>serre</span> <span class='ocrx_word' id='word_1_147' title='bbox 889 2496 996 2550; x_wconf 85' lang='lat' dir='ltr'>nefas?</span> 
     </span>
     <span class='ocr_line' id='line_1_24' title="bbox 225 2584 1045 2658; baseline 0.001 -18"><span class='ocrx_word' id='word_1_148' title='bbox 225 2584 297 2640; x_wconf 87' lang='lat' dir='ltr'>Este</span> <span class='ocrx_word' id='word_1_149' title='bbox 316 2587 422 2656; x_wconf 86' lang='lat' dir='ltr'>procui</span> <span class='ocrx_word' id='word_1_150' title='bbox 440 2586 554 2655; x_wconf 86' lang='lat' dir='ltr'>timidi,</span> <span class='ocrx_word' id='word_1_151' title='bbox 589 2588 698 2658; x_wconf 87' lang='lat' dir='ltr'>quique</span> <span class='ocrx_word' id='word_1_152' title='bbox 718 2589 817 2642; x_wconf 86' lang='lat' dir='ltr'>omnia</span> <span class='ocrx_word' id='word_1_153' title='bbox 836 2589 918 2643; x_wconf 83' lang='lat' dir='ltr'>sertis</span> <span class='ocrx_word' id='word_1_154' title='bbox 937 2589 1025 2642; x_wconf 86' lang='lat' dir='ltr'>inulta</span> <span class='ocrx_word' id='word_1_155' title='bbox 1036 2628 1045 2655; x_wconf 89' lang='lat'>,</span> 
     </span>
     <span class='ocr_line' id='line_1_25' title="bbox 292 2679 866 2749; baseline 0.003 -16"><span class='ocrx_word' id='word_1_156' title='bbox 292 2679 394 2733; x_wconf 87' lang='lat' dir='ltr'>Diluat</span> <span class='ocrx_word' id='word_1_157' title='bbox 414 2681 543 2733; x_wconf 83' lang='lat' dir='ltr'>offensas</span> <span class='ocrx_word' id='word_1_158' title='bbox 561 2697 646 2736; x_wconf 89' lang='lat' dir='ltr'>mens</span> <span class='ocrx_word' id='word_1_159' title='bbox 665 2683 767 2749; x_wconf 82' lang='lat' dir='ltr'>agitata</span> <span class='ocrx_word' id='word_1_160' title='bbox 787 2697 866 2735; x_wconf 83' lang='lat' dir='ltr'>suas.</span> 
     </span>
     <span class='ocr_line' id='line_1_26' title="bbox 224 2771 1100 2841; baseline 0.001 -15"><span class='ocrx_word' id='word_1_161' title='bbox 224 2771 285 2836; x_wconf 91' lang='lat' dir='ltr'>Et,</span> <span class='ocrx_word' id='word_1_162' title='bbox 315 2772 455 2841; x_wconf 83' lang='lat' dir='ltr'>quoniam</span> <span class='ocrx_word' id='word_1_163' title='bbox 474 2789 579 2839; x_wconf 84' lang='lat' dir='ltr'>magna</span> <span class='ocrx_word' id='word_1_164' title='bbox 602 2785 665 2840; x_wconf 89' lang='lat' dir='ltr'>est,</span> <span class='ocrx_word' id='word_1_165' title='bbox 694 2775 832 2827; x_wconf 91' lang='lat' dir='ltr'>ultricem</span> <span class='ocrx_word' id='word_1_166' title='bbox 853 2773 957 2840; x_wconf 85' lang='lat' dir='ltr'>injuria</span> <span class='ocrx_word' id='word_1_167' title='bbox 977 2772 1100 2828; x_wconf 83' lang='lat' dir='ltr'>Musam</span> 
     </span>
     <span class='ocr_line' id='line_1_27' title="bbox 292 2863 999 2935; baseline -0.001 -19"><span class='ocrx_word' id='word_1_168' title='bbox 292 2863 414 2916; x_wconf 82' lang='lat' dir='ltr'>Excitet</span> <span class='ocrx_word' id='word_1_169' title='bbox 433 2863 461 2915; x_wconf 89' lang='lat' dir='ltr'>in</span> <span class='ocrx_word' id='word_1_170' title='bbox 480 2864 606 2931; x_wconf 81' lang='lat' dir='ltr'>fatuum,</span> <span class='ocrx_word' id='word_1_171' title='bbox 638 2875 741 2935; x_wconf 82' lang='lat' dir='ltr'>raptor</span> <span class='ocrx_word' id='word_1_172' title='bbox 760 2866 880 2934; x_wconf 83' lang='lat' dir='ltr'>inique,</span> <span class='ocrx_word' id='word_1_173' title='bbox 910 2874 999 2916; x_wconf 85' lang='lat' dir='ltr'>tuam.</span> 
     </span>
     <span class='ocr_line' id='line_1_28' title="bbox 224 2955 1016 3024; baseline -0.006 -13"><span class='ocrx_word' id='word_1_174' title='bbox 224 2959 264 3011; x_wconf 79' lang='lat' dir='ltr'>At</span> <span class='ocrx_word' id='word_1_175' title='bbox 281 2964 328 3021; x_wconf 87' lang='lat' dir='ltr'>tu,</span> <span class='ocrx_word' id='word_1_176' title='bbox 359 2972 463 3021; x_wconf 84' lang='lat' dir='ltr'>magua</span> <span class='ocrx_word' id='word_1_177' title='bbox 480 2955 520 3006; x_wconf 92' lang='lat' dir='ltr'>tui</span> <span class='ocrx_word' id='word_1_178' title='bbox 541 2969 626 3024; x_wconf 77' lang='lat' dir='ltr'>pare,</span> <span class='ocrx_word' id='word_1_179' title='bbox 655 2957 771 3024; x_wconf 83' lang='lat' dir='ltr'>Hesse‚</span> <span class='ocrx_word' id='word_1_180' title='bbox 800 2956 893 3009; x_wconf 86' lang='lat' dir='ltr'>fidelis</span> <span class='ocrx_word' id='word_1_181' title='bbox 913 2955 1016 3021; x_wconf 82' lang='lat' dir='ltr'>amici,</span> 
     </span>
     <span class='ocr_line' id='line_1_29' title="bbox 295 3046 1081 3120; baseline 0.004 -21"><span class='ocrx_word' id='word_1_182' title='bbox 295 3046 362 3120; x_wconf 78' lang='lat' dir='ltr'>Qua</span> <span class='ocrx_word' id='word_1_183' title='bbox 379 3047 486 3113; x_wconf 85' lang='lat' dir='ltr'>decet,</span> <span class='ocrx_word' id='word_1_184' title='bbox 515 3046 581 3099; x_wconf 82' lang='lat' dir='ltr'>haec</span> <span class='ocrx_word' id='word_1_185' title='bbox 598 3048 703 3103; x_wconf 85' lang='lat' dir='ltr'>saltem</span> <span class='ocrx_word' id='word_1_186' title='bbox 725 3049 848 3103; x_wconf 84' lang='lat' dir='ltr'>erimina</span> <span class='ocrx_word' id='word_1_187' title='bbox 867 3059 965 3101; x_wconf 90' lang='lat' dir='ltr'>mente</span> <span class='ocrx_word' id='word_1_188' title='bbox 985 3049 1062 3102; x_wconf 74' lang='lat' dir='ltr'>ferae</span> <span class='ocrx_word' id='word_1_189' title='bbox 1072 3087 1081 3113; x_wconf 87' lang='lat'>‚</span> 
     </span>
     <span class='ocr_line' id='line_1_30' title="bbox 223 3141 992 3210; baseline 0 -16"><span class='ocrx_word' id='word_1_190' title='bbox 223 3141 274 3199; x_wconf 89' lang='lat' dir='ltr'>Nil</span> <span class='ocrx_word' id='word_1_191' title='bbox 293 3148 447 3205; x_wconf 76' lang='lat' dir='ltr'>metuenS,</span> <span class='ocrx_word' id='word_1_192' title='bbox 476 3156 514 3192; x_wconf 88' lang='lat' dir='ltr'>ne</span> <span class='ocrx_word' id='word_1_193' title='bbox 532 3156 589 3208; x_wconf 89' lang='lat' dir='ltr'>qua</span> <span class='ocrx_word' id='word_1_194' title='bbox 607 3141 724 3210; x_wconf 82' lang='lat' dir='ltr'>priscos</span> <span class='ocrx_word' id='word_1_195' title='bbox 744 3142 855 3195; x_wconf 88' lang='lat' dir='ltr'>oblitus</span> <span class='ocrx_word' id='word_1_196' title='bbox 874 3156 992 3194; x_wconf 83' lang='lat' dir='ltr'>amores</span> 
     </span>
     <span class='ocr_line' id='line_1_31' title="bbox 290 3232 927 3307; baseline -0.005 -18"><span class='ocrx_word' id='word_1_197' title='bbox 290 3232 451 3289; x_wconf 90' lang='lat' dir='ltr'>Defuerim</span> <span class='ocrx_word' id='word_1_198' title='bbox 471 3232 588 3302; x_wconf 80' lang='lat' dir='ltr'>scriptis</span> <span class='ocrx_word' id='word_1_199' title='bbox 606 3242 741 3307; x_wconf 85' lang='lat' dir='ltr'>tempora</span> <span class='ocrx_word' id='word_1_200' title='bbox 760 3235 847 3301; x_wconf 86' lang='lat' dir='ltr'>longa</span> <span class='ocrx_word' id='word_1_201' title='bbox 865 3232 927 3286; x_wconf 85' lang='lat' dir='ltr'>tibi.</span> 
     </span>
    </p>
   </div>
   <div class='ocr_carea' id='block_1_3' title="bbox 0 0 1324 4634">
    <p class='ocr_par' dir='ltr' id='par_1_3' title="bbox 0 0 1324 4634">
     <span class='ocr_line' id='line_1_32' title="bbox 0 0 1324 4634; baseline 0 3"><span class='ocrx_word' id='word_1_202' title='bbox 0 0 1324 4634; x_wconf 95' lang='lat' dir='ltr'> </span> 
     </span>
    </p>
   </div>
  </div>
 </body>
</html>
