2670 4628
181 372 249 444 202
465 336 468 343 Ι
538 361 812 460 Epigrammata

413 664 415 669 7
447 559 581 633 Gallo
615 560 669 634 ab
707 582 753 632 se
783 580 919 683 censo·

181 743 212 818 Ι,
233 758 375 813 morere,
402 749 436 799 et
451 738 572 822 Stygias
590 751 696 800 tecum
714 740 775 800 hoc
793 738 885 799 Gallo
903 736 981 800 affer
999 736 1039 798 ud
1056 739 1198 815 umbras3

50 922 53 927 Ι
250 843 328 902 Esse
348 839 501 922 aliquem,
533 841 637 901 Gallos
657 839 713 921 qui
731 849 827 920 neget
846 856 914 898 esse
933 839 1032 899 Deos.

40 960 56 991 -·
134 1018 137 1023 .
180 943 244 1024 Qui
270 941 333 1002 vici
357 953 481 1015 tamen,
513 953 546 1001 et
565 962 661 1023 quem
680 951 714 1000 tu
732 961 824 1021 aequo
843 939 927 1000 haud
946 939 1199 1020 Morte-petisti,

177 1028 182 1037 4
256 1042 387 1106 Ossibus
407 1041 474 1120 ipse
494 1040 555 1102 tuis
574 1042 668 1105 molle
686 1041 802 1113 cubare
821 1060 945 1119 precor.

180 1146 218 1209 ln
236 1166 286 1209 me
308 1142 449 1225 quinque
469 1142 571 1202 virum
591 1154 645 1202 tua
663 1142 808 1221 proxime
827 1142 957 1205 dextera
976 1142 1042 1203 visa
1062 1155 1128 1218 est,

257 1243 361 1309 Testis
382 1263 458 1318 ero,
490 1245 672 1317 etwinus,
689 1243 790 1358 guod
808 1241 881 1318 tuli,
909 1241 950 1306 ab*
967 1256 1119 1307 cnsetuo
1141 1259 1202 1311 est.

619 1450 760 1489 ...A—.-

240 1683 286 1755 In
311 1680 493 1794 quinque
521 1679 687 1772 Gallos,
723 1681 773 1752 ab
800 1703 842 1752 sc
868 1681 1139 1782 profligatos.

66 1861 70 1868 ’
179 1863 253 1924 Νοη
273 1860 378 1939 pudor
398 1870 444 1920 est
467 1856 574 1920 Galli?
605 1878 671 1918 non
689 1869 736 1918 est
754 1860 875 1934 scelus,
905 1879 980 1920 ense
999 1861 1143 1941 petistis,

253 1960 353 2024 Unius
373 1970 505 2024 Hutteni
524 1978 660 2038 corpora
679 1958 841 2042 quinque,
871 1970 973 2039 caput.

179 2064 257 2124 Fert
277 2061 407 2124 fortuna
426 2061 536 2134 nefas,
565 2080 632 2121 non
651 2058 713 2120 fert
732 2060 843 2134 Deus,
869 2062 930 2121 hoc
948 2081 1010 2142 ego
1031 2061 1165 2126 dicam?

253 2163 319 2224 Aut
339 2160 448 2242 aliquis
469 2160 554 2221 dicto
576 2158 674 2240 possit
692 2146 806 2221 habere
827 2160 945 2224 fidem?

180 2261 330 2344 Quinque
346 2261 477 2322 -dedisse
496 2261 623 2342 sugam,
650 2271 744 2342 atque
764 2261 820 2322 uni
840 2262 915 2323 dare
934 2274 1025 2343 terga
1045 2267 1204 2329 coactos?

252 2363 321 2422 Hos
339 2364 434 2442 paulo
454 2373 527 2421 ante
547 2361 638 2422 minis
659 2362 909 2445 verberibusque
929 2362 1040 2425 feros?
1147 2427 1149 2434 ,

179 2463 228 2527 Ne
248 2475 351 2525 tamen
370 2465 431 2524 ulla
449 2482 521 2523 meo
543 2462 696 2528 scribatur
716 2463 814 2543 gloria
833 2464 935 2538 factu,

255 2563 341 2630 Vicit
360 2565 443 2632 anim
464 2564 568 2624 Gallos
590 2563 669 2639 (non
690 2585 751 2647 ego
761 2565 783 2640 ‚)
810 2565 952 2646 quinque
972 2564 1073 2629 Deus.
1167 2640 1175 2657 Ι
1263 2575 1268 2584 ’

83 2666 87 2673 ’
179 2666 266 2729 Vicit
285 2676 316 2725 et
334 2664 491 2726 insontem
511 2662 580 2729 tulit
599 2684 682 2745 aegre
699 2665 841 2728 invadier
861 2664 971 2743 armis,
1176 2666 1180 2671 ’

253 2766 295 2826 Et
313 2765 388 2826 nihil
407 2765 439 2824 in
461 2775 596 2830 mortem
617 2765 672 2845 qui
689 2764 855 2827 meruisset
874 2766 934 2846 agi.

181 2864 289 2927 Gloria
308 2863 407 2941 prima
425 2864 517 2937 Deo,
545 2862 601 2944 qui
620 2884 671 2924 me
693 2865 846 2940 servavit,
878 2876 913 2926 ut
932 2865 1000 2926 illos

254 2962 424 3039 Per-deret,
453 2973 485 3028 et
503 2961 580 3030 vicit
600 2963 679 3039 (non
698 2965 774 3047 ego)
796 2965 937 3051 quinque
961 2966 1059 3032 viros.

621 3199 761 3217 *⁸¹⁸*

235 3393 301 3467 Ad
334 3391 583 3489 quendam
623 3391 784 3466 Romae
817 3392 1150 3492 Episcopum,

444 3512 662 3612 insignem
694 3515 921 3590 medicum.

179 3690 265 3753 Urbe
288 3692 439 3776 frequens
466 3704 532 3754 tota
556 3704 587 3753 te
612 3694 718 3773 prodit
740 3695 899 3776 Episcope
917 3715 1044 3772 rumor,

253 3794 353 3855 Posse
373 3795 584 3876 pudendagrae
603 3795 699 3874 pestis
721 3795 832 3858 obesse
850 3799 943 3860 mulo.

182 3893 318 3969 Audiri,
354 3895 471 3970 exilui,
504 3894 631 3957 dubiam
657 3915 728 3974 spes
755 3898 852 3959 ardua
877 3907 1013 3959 mentem

253 3995 384 4071 Erexit,
416 3993 556 4076 trepidos
576 3995 774 4083 deposuique
791 4009 905 4062 motus.
