2640 4634
246 645 295 698 De
315 646 510 717 imprudentia
526 650 710 711 Venetorum
781 693 792 713 .

245 737 295 793 De
314 739 584 798 fatisVenetorum
637 791 641 804 ,
665 782 673 799 .

245 828 296 883 De
316 831 434 886 fortuna
452 834 638 890 Venetorum
707 884 710 889 .
782 876 793 895 .
896 881 905 897 .
1010 828 1023 900 .'

245 921 292 974 Ad
309 923 516 978 Bononiensem
551 966 559 981 .
665 969 673 984 .
763 978 768 985 .

245 1012 295 1067 De
318 1027 468 1070 conventu
490 1020 672 1074 Bononiensi
777 1062 785 1077 .
891 1066 900 1082 .

244 1105 294 1159 De
314 1107 434 1162 fortuna

244 1198 294 1250 De
311 1199 445 1268 fortuna,
464 1203 499 1256 ad
518 1203 666 1259 Caesarem

243 1289 294 1343 De
312 1291 402 1347 Gallo
420 1303 450 1348 et
469 1295 585 1350 Caesare
665 1337 672 1351 .
778 1338 786 1356 .
892 1340 901 1358 .
1005 1342 1016 1362 .

244 1383 294 1436 Dc
314 1385 395 1438 ltalia
439 1427 1017 1453 ......
1079 1388 1081 1391 ¹
1179 1456 1186 1475 ,Ι

244 1475 294 1529 De
313 1477 441 1533 torem
460 1480 624 1535 mobilitate
667 1521 675 1535 .
780 1523 788 1538 .
894 1527 903 1543 .
1010 1528 1019 1544 .
1171 1462 1181 1483 ⁴

245 1567 336 1638 Quod
355 1570 476 1624 fortuita
496 1573 582 1626 facile
600 1582 789 1631 mutentur.
895 1617 904 1633 .
1010 1620 1018 1636 .

238 1658 288 1712 De
306 1659 419 1713 Eadem

244 1750 294 1804 De
314 1751 453 1806 Fortunae
476 1755 605 1809 ludibrio
668 1796 676 1811 .
782 1798 790 1814 .
896 1799 904 1817 .

243 1843 293 1896 De
312 1843 500 1901 immodestia
516 1848 702 1903 Venetorum
781 1890 789 1904 .

243 1936 290 1988 Ad
308 1937 459 1991 fortunam

243 2026 293 2080 De
311 2030 412 2082 mundi
431 2031 646 2097 gubernatione

243 2120 403 2192 Inscriptio
421 2125 518 2190 gallici
541 2125 636 2196 clypei
656 2127 691 2180 ad
709 2127 836 2199 aquilam
895 2167 904 2184 .
1010 2168 1019 2185 .

242 2211 291 2266 Dc
311 2213 399 2268 Gallo
422 2216 457 2269 ad
475 2217 601 2287 aquilam
673 2218 698 2273 .’
781 2259 790 2274 .
895 2259 904 2276 .
1010 2262 1019 2277 .

243 2309 290 2362 Ad
308 2309 429 2365 Gallum
551 2348 560 2364 .
666 2349 674 2364 .
778 2350 788 2367 .
894 2350 903 2366 .
1009 2354 1017 2372 .

242 2401 290 2454 Ad
308 2401 430 2456 Gallum
450 2403 486 2454 de
505 2404 622 2454 Caesare
668 2439 676 2454 .
735 2406 738 2413 ’
782 2439 790 2455 .
891 2439 900 2457 .
1006 2441 1015 2458 .

242 2492 289 2543 Ad
308 2492 437 2560 aquilam
455 2492 491 2546 dc
510 2492 599 2548 Gallo
664 2530 672 2545 .
778 2530 786 2545 .
893 2531 901 2546 .
1008 2533 1016 2547 .

241 2584 288 2636 Ad
307 2581 427 2637 Gallum
551 2646 554 2651 ¹
636 2647 640 2656 Ι

242 2675 288 2729 Ad
308 2674 445 2728 Eundem

243 2767 290 2820 Ad
309 2767 458 2820 Caesarem

243 2859 321 2915 Galli
336 2859 470 2933 jactatio·
551 2898 600 2935 ,Ι
779 2899 786 2913 .
891 2896 900 2914 .
1006 2899 1027 2921 .,

243 2953 290 3006 Ad
308 2951 450 3019 Gallum,
471 2952 507 3006 de
531 2953 657 3006 fortunae
677 2951 869 3006 mutabilitate
1007 2989 1015 3006 .
1104 2956 1159 3006 202

244 3045 291 3098 Ad
308 3045 459 3099 Caesarem
477 3045 512 3099 de
531 3044 620 3101 Gallo
668 3083 676 3100 .
777 3083 785 3100 .
888 3083 897 3102 .
1005 3081 1013 3098 ·
1112 3075 1148 3087 ·-·

243 3138 291 3190 Ad
310 3138 476 3205 Caesarem,
489 3146 533 3190 ⁴ut
551 3146 757 3207 contemptum
774 3137 818 3190 aui
836 3135 966 3190 vindicet
1006 3173 1014 3190 .
1105 3139 1158 3190 203

148 3213 151 3220 ’
243 3228 350 3285 Gallos
368 3246 508 3300 superare
530 3246 586 3283 nos
607 3228 719 3298 gloria,
747 3228 782 3281 ad
804 3228 1014 3310 Caesafem.
1112 3256 1148 3269 -

245 3321 345 3396 Quam
363 3322 533 3392 periculosa
551 3338 600 3375 res
619 3321 795 3392 imperium,
822 3320 857 3374 ad
875 3318 996 3403 Gallum
1111 3349 1146 3360 -
1198 3402 1201 3407 Ι

242 3415 292 3468 De
309 3415 400 3470 Gallo
420 3415 611 3485 superbiente
658 3452 668 3472 .
771 3451 779 3466 .
884 3450 892 3465 .
999 3448 1007 3465 .
1105 3407 1157 3464 201

243 3506 292 3559 Dc
312 3505 402 3562 Gallo
422 3516 451 3560 et
469 3507 575 3578 Aquila
662 3545 670 3560 .
774 3544 783 3560 .
888 3542 896 3559 .
1003 3541 1011 3558 .
1111 3534 1144 3544 -

44 3600 51 3615 '
153 3604 162 3635 i
244 3598 290 3651 Ad
307 3595 459 3653 Maximil.
478 3600 619 3654 sfortiam
636 3598 803 3677 restitutum
923 3637 932 3665 v.
1000 3631 1008 3649 .
1104 3599 1156 3648 205

243 3690 292 3743 De
312 3689 400 3744 Gallo
420 3707 460 3744 ex
477 3691 558 3745 Italia
577 3691 705 3760 fugiente
776 3728 784 3743 .
890 3726 899 3742 .
1005 3725 1013 3740 .
1111 3715 1144 3728 -

243 3781 292 3851 Dc
317 3791 488 3854 tempestate
505 3785 593 3861 ‘aeria
621 3781 890 3847 turbulentissima,
924 3779 953 3833 in
981 3778 1052 3834 Gal.

296 3874 396 3930 lorum
414 3877 499 3946 suga,
523 3893 578 3947 per
596 3884 689 3930 totam
707 3874 874 3940 Insubriam
896 3880 961 3926 orta
1008 3910 1016 3925 .
1104 3870 1155 3924 206

244 3965 293 4020 De
311 3966 425 4023 Eadem
