2670 4628
563 355 775 432 Hernicum.
853 343 856 347 ’

162 541 292 617 Μιχθεὶς
313 550 343 609 ir
363 548 499 655 qutrirnrr
518 578 575 639 ηας
576 547 699 626 ’ὄχθας
719 550 887 640 Ἠριδανοῖο

161 644 356 722 Σκηπτοῦχόν
376 641 524 729 banebria,
544 661 592 720 καὶ
613 663 642 720 ἐν
663 661 811 755 nubium
828 666 969 738 μαχῆτην.

161 746 339 815 Ovie‘nor‘}
325 758 357 816 ἔκ
379 761 516 829 πολέμοιο
537 764 625 831 notarit
645 761 836 844 dnimoi'
816 769 912 837 αὔτὴν.

158 850 250 918 Ἀλλ’
271 861 355 922 ἒυθὸς
373 865 445 934 nard
466 867 594 934 μωλον’
582 868 631 927 ru'r
651 893 836 946 προμαχοισιν
856 877 990 948 ἔμίχῢην

159 958 216 1021 ’ου
239 956 303 1023 ‹ie‘ui'
325 961 539 1047 ἄνθρωπονκαὶ
560 994 613 1055 περ
633 975 709 1048 μέγα
729 998 807 1047 cupa
828 987 980 1071 Φορρῦντα.

159 1062 261 1127 ’Aiaci
282 1062 337 1130 ivo
358 1071 441 1142 μάλα
461 1072 555 1137 naim
569 1100 613 1137 ra
604 1071 739 1147 triba,
769 1087 861 1142 πᾶσαν
882 1081 965 1162 ἐπ’
946 1113 1018 1149 arur.

158 1181 270 1253 Erigite
290 1187 434 1245 infractos
453 1170 589 1259 animos,
613 1193 780 1266 lassataque
801 1200 892 1255 corda
902 1241 912 1269 ‚

159 1276 253 1349 Inque
271 1281 370 1337 vicem
390 1285 532 1338 audentes
552 1286 641 1340 fessis
661 1291 831 1346 succurrite
848 1293 952 1350 rebus.

160 1372 368 1447 Quoscunque
389 1377 418 1430 in
436 1378 567 1449 populos
588 1379 710 1433 emittite
728 1399 778 1436 me
800 1384 876 1439 duce
899 1385 1024 1446 bellum.

158 1472 198 1519 At
216 1469 316 1535 grandi
337 1469 478 1540 eloquio,
500 1480 529 1524 et
546 1472 648 1529 verbis
669 1475 845 1532 acuentibus
865 1475 943 1548 iras,

156 1559 259 1614 Nemo
278 1562 365 1616 tortis
385 1573 460 1630 eget.
496 1562 662 1634 Postquam
681 1577 726 1621 est
746 1585 780 1621 ea
798 1570 855 1624 tata
866 1612 875 1638 ,
894 1572 1014 1629 silentes

157 1652 352 1724 Obstupuere
371 1655 477 1723 animi,
499 1656 583 1724 digna
603 1657 759 1712 admiratio
780 1661 865 1716 factis

155 1744 254 1800 Jussit
271 1748 397 1803 inaudita
414 1749 544 1819 populos
563 1749 694 1804 novitate
712 1767 833 1820 pavere.

158 1840 325 1895 Confestim
346 1851 508 1896 accurrunt
525 1840 649 1909 Veneti,
669 1859 831 1914 regemque
850 1844 993 1916 salutant,

158 1931 289 2004 Quoque
308 1933 417 2006 aliquid
435 1945 559 2007 posset,
580 1937 709 2006 quaesitae
729 1938 875 1992 accedere
894 1941 998 2007 famae,
1085 1973 1087 1976 >

156 2025 238 2080 Dant
257 2028 335 2096 alas,
353 2027 558 2098 Marcumque
577 2039 698 2084 vocant.
736 2029 789 2085 Illa
810 2031 918 2102 accipit
936 2049 1040 2102 omen,

155 2119 371 2192 Acceptoque‚
391 2118 494 2176 animis
513 2137 569 2192 pro
590 2122 762 2176 conditione
782 2123 939 2194 superbit,

155 2210 195 2266 Et
212 2212 332 2268 Venetis
355 2215 447 2269 Ranis
457 2253 467 2282 ,
489 2221 519 2268 et
536 2214 632 2269 adhuc
651 2216 755 2289 stipata
772 2233 924 2272 novorum

153 2306 291 2360 Accessu
308 2306 492 2378 procerum,
510 2315 581 2379 tunc
600 2322 690 2376 regna
708 2292 832 2378 invasit,
851 2318 880 2363 ct
896 2309 1008 2376 urbes,

153 2398 390 2468 Perdomuitque
409 2400 520 2465 duces,
538 2416 685 2469 regesque
705 2398 808 2468 ejecit,
830 2408 967 2472 opesqub

156 2491 295 2546 Condidit
313 2490 489 2543 immodicas
499 2529 510 2556 ,
528 2496 592 2541 toto
612 2499 718 2558 stupor
734 2507 811 2543 unus
830 2491 859 2543 in
878 2492 974 2558 orbe,

153 2585 326 2662 Λιμνόχαρις
346 2581 524 2656 Πολύφημος
542 2597 624 2654 crat,
651 2587 778 2639 timuere
798 2587 949 2658 Tyranni,

151 2686 192 2743 Et
210 2683 302 2739 victas
322 2681 454 2737 tribuere
472 2696 597 2748 manus,
617 2686 707 2748 regna
726 2679 825 2731 omnia
842 2677 954 2734 Marco

154 2778 275 2834 Territa
294 2786 364 2831 sunt
383 2776 521 2842 Veneto,
545 2773 610 2827 sola
626 2771 698 2832 huic
718 2769 882 2827 Germania
900 2779 1038 2832 monstro

153 2868 308 2940 Indignum
328 2871 412 2926 duxit
430 2866 574 2922 famulum
592 2865 778 2921 summittere
798 2863 928 2932 collum,

154 2963 208 3017 Illa
226 2962 419 3016 Tridentinos
437 2964 537 3013 tamen
556 2968 603 3014 est
619 2959 758 3013 invadere
778 2967 918 3026 montes,
985 3002 986 3005 η

153 3053 388 3123 Herciniumque
406 3065 532 3116 nemus,
555 3066 613 3120 qua
630 3061 712 3121 parte
734 3048 891 3104 obnubilat
909 3051 1026 3103 istrum.

154 3147 255 3211 Ausa,
275 3143 406 3198 subhac
425 3138 544 3212 specie,
563 3141 749 3210 simuletique
769 3156 822 3193 ore
838 3139 970 3206 Leonis,

153 3238 215 3295 Per
234 3237 298 3304 sas,
318 3252 432 3307 perque
452 3235 555 3301 nefas,
578 3243 661 3288 recta
682 3242 711 3285 et
729 3248 828 3302 prava
841 3232 941 3286 omnia
958 3231 1109 3297 miscens,

153 3329 373 3400 Extollensque
393 3327 507 3395 malos,
526 3328 710 3398 meritosque
729 3325 758 3378 in
777 3333 883 3379 tartara
899 3338 1056 3393 mergens,

154 3425 242 3498 Quos
261 3421 375 3493 potuit,
393 3437 584 3492 quorumque
603 3419 675 3474 fides
696 3417 753 3472 sibi
773 3417 904 3485 credita,
923 3426 1025 3472 sontes

152 3517 224 3573 Haec
249 3515 353 3569 eadem
371 3514 429 3567 sibi
448 3513 624 3580 coniunxit,
643 3510 794 3582 sociisque
812 3510 869 3565 sub
888 3524 995 3564 omnes

152 3610 213 3664 Usa
232 3617 277 3662 est
295 3615 430 3663 eventus.
466 3607 548 3660 Tum
567 3622 643 3675 quos
661 3620 724 3658 non
742 3603 865 3658 vincere
882 3602 984 3669 belle,

153 3704 215 3754 Aut
232 3701 340 3754 virtute
360 3714 412 3753 sua
430 3698 544 3770 potuit,
562 3697 708 3751 miscente
728 3712 846 3750 veneno
920 3746 951 3759 ,,

156 3792 336 3847 Cunctantes
359 3791 448 3858 vicit,
466 3806 551 3845 sacra
569 3788 687 3855 omnia,
708 3797 736 3841 et
754 3786 854 3842 omnia
869 3787 938 3856 jura

154 3882 266 3938 Polluit
284 3884 459 3957 egrediens,
481 3882 526 3940 ris
547 3891 633 3954 atque
653 3879 757 3954 injuria
772 3878 850 3935 belli
