<?xml version="1.0" encoding="UTF-8"?>
<!DOCTYPE html PUBLIC "-//W3C//DTD XHTML 1.0 Transitional//EN"
    "http://www.w3.org/TR/xhtml1/DTD/xhtml1-transitional.dtd">
<html xmlns="http://www.w3.org/1999/xhtml" xml:lang="en" lang="en">
 <head>
  <title>
</title>
<meta http-equiv="Content-Type" content="text/html;charset=utf-8" />
  <meta name='ocr-system' content='tesseract 3.04.00' />
  <meta name='ocr-capabilities' content='ocr_page ocr_carea ocr_par ocr_line ocrx_word'/>
</head>
<body>
  <div class='ocr_page' id='page_1' title='image "./ulrichiabhutten01mngoog_0323.png"; bbox 0 0 2670 4628; ppageno 0'>
   <div class='ocr_carea' id='block_1_1' title="bbox 502 344 1174 433">
    <p class='ocr_par' dir='ltr' id='par_1_1' title="bbox 502 344 1174 433">
     <span class='ocr_line' id='line_1_1' title="bbox 502 344 1174 433; baseline 0.01 -8"><span class='ocrx_word' id='word_1_1' title='bbox 502 352 559 425; x_wconf 80' lang='lat' dir='ltr'>En</span> <span class='ocrx_word' id='word_1_2' title='bbox 582 344 674 429; x_wconf 80' lang='lat' dir='ltr'>urbe</span> <span class='ocrx_word' id='word_1_3' title='bbox 699 352 818 429; x_wconf 70' lang='lat' dir='ltr'>nrissas</span> <span class='ocrx_word' id='word_1_4' title='bbox 961 398 964 403; x_wconf 95' lang='lat'>·</span> <span class='ocrx_word' id='word_1_5' title='bbox 1102 365 1174 433; x_wconf 74' lang='lat'>203</span> 
     </span>
    </p>
   </div>
   <div class='ocr_carea' id='block_1_2' title="bbox 114 546 1260 2338">
    <p class='ocr_par' dir='ltr' id='par_1_2' title="bbox 152 546 1260 930">
     <span class='ocr_line' id='line_1_2' title="bbox 152 546 1173 629; baseline 0.001 -20"><span class='ocrx_word' id='word_1_6' title='bbox 152 548 201 610; x_wconf 90' lang='lat' dir='ltr'>Ne</span> <span class='ocrx_word' id='word_1_7' title='bbox 217 559 389 609; x_wconf 79' lang='lat' dir='ltr'>contemne</span> <span class='ocrx_word' id='word_1_8' title='bbox 409 557 547 620; x_wconf 67' lang='lat' dir='ltr'>tamen,</span> <span class='ocrx_word' id='word_1_9' title='bbox 564 546 592 608; x_wconf 86' lang='lat' dir='ltr'>si</span> <span class='ocrx_word' id='word_1_10' title='bbox 612 546 692 629; x_wconf 79' lang='lat' dir='ltr'>qrtid</span> <span class='ocrx_word' id='word_1_11' title='bbox 711 546 1057 628; x_wconf 77' lang='lat' dir='ltr'>Germania-sperat‚.,-</span> <span class='ocrx_word' id='word_1_12' title='bbox 1169 580 1173 585; x_wconf 96' lang='lat'>·</span> 
     </span>
     <span class='ocr_line' id='line_1_3' title="bbox 228 645 1077 730; baseline -0.001 -20"><span class='ocrx_word' id='word_1_13' title='bbox 228 645 312 710; x_wconf 89' lang='lat' dir='ltr'>Cum</span> <span class='ocrx_word' id='word_1_14' title='bbox 331 649 445 710; x_wconf 83' lang='lat' dir='ltr'>Rheno</span> <span class='ocrx_word' id='word_1_15' title='bbox 469 650 576 730; x_wconf 78' lang='lat' dir='ltr'>&#39;l&#39;ugus</span> <span class='ocrx_word' id='word_1_16' title='bbox 603 660 649 708; x_wconf 88' lang='lat' dir='ltr'>est</span> <span class='ocrx_word' id='word_1_17' title='bbox 675 645 803 724; x_wconf 78' lang='lat' dir='ltr'>junctus</span> <span class='ocrx_word' id='word_1_18' title='bbox 821 650 996 725; x_wconf 72' lang='lat' dir='ltr'>amicitia..</span> <span class='ocrx_word' id='word_1_19' title='bbox 1060 692 1077 707; x_wconf 87' lang='grc'>,.</span> 
     </span>
     <span class='ocr_line' id='line_1_4' title="bbox 153 747 1260 832; baseline 0.002 -21"><span class='ocrx_word' id='word_1_20' title='bbox 153 751 341 832; x_wconf 84' lang='lat' dir='ltr'>Regnorum</span> <span class='ocrx_word' id='word_1_21' title='bbox 369 760 415 808; x_wconf 86' lang='lat' dir='ltr'>est</span> <span class='ocrx_word' id='word_1_22' title='bbox 443 749 526 809; x_wconf 88' lang='lat' dir='ltr'>idem</span> <span class='ocrx_word' id='word_1_23' title='bbox 553 747 717 822; x_wconf 87' lang='lat' dir='ltr'>dominus,</span> <span class='ocrx_word' id='word_1_24' title='bbox 750 761 922 832; x_wconf 80' lang='lat' dir='ltr'>rectorque</span> <span class='ocrx_word' id='word_1_25' title='bbox 943 751 1104 825; x_wconf 71' lang='lat' dir='ltr'>duanam,</span> <span class='ocrx_word' id='word_1_26' title='bbox 1154 760 1160 781; x_wconf 87' lang='lat'>·&#39;</span> <span class='ocrx_word' id='word_1_27' title='bbox 1253 770 1260 783; x_wconf 83' lang='lat'><em>&#39;</em></span> 
     </span>
     <span class='ocr_line' id='line_1_5' title="bbox 226 849 942 930; baseline 0 -19"><span class='ocrx_word' id='word_1_28' title='bbox 226 850 266 911; x_wconf 88' lang='lat' dir='ltr'>ln</span> <span class='ocrx_word' id='word_1_29' title='bbox 292 850 407 909; x_wconf 89' lang='lat' dir='ltr'>bellum</span> <span class='ocrx_word' id='word_1_30' title='bbox 434 860 545 930; x_wconf 89' lang='lat' dir='ltr'>gentes</span> <span class='ocrx_word' id='word_1_31' title='bbox 571 870 665 909; x_wconf 84' lang='lat' dir='ltr'>causa</span> <span class='ocrx_word' id='word_1_32' title='bbox 688 849 752 930; x_wconf 83' lang='lat' dir='ltr'>agit</span> <span class='ocrx_word' id='word_1_33' title='bbox 772 870 836 911; x_wconf 82' lang='lat' dir='ltr'>una</span> <span class='ocrx_word' id='word_1_34' title='bbox 853 851 942 911; x_wconf 84' lang='lat' dir='ltr'>dnus.</span> 
     </span>
    </p>

    <p class='ocr_par' dir='ltr' id='par_1_3' title="bbox 114 949 989 1133">
     <span class='ocr_line' id='line_1_6' title="bbox 114 949 958 1039; baseline -0.002 -27"><span class='ocrx_word' id='word_1_35' title='bbox 114 974 127 1039; x_wconf 56' lang='lat' dir='ltr'>j</span> <span class='ocrx_word' id='word_1_36' title='bbox 152 950 307 1013; x_wconf 78' lang='lat' dir='ltr'>Miscetur</span> <span class='ocrx_word' id='word_1_37' title='bbox 332 949 440 1010; x_wconf 84' lang='lat' dir='ltr'>castris</span> <span class='ocrx_word' id='word_1_38' title='bbox 465 949 554 1010; x_wconf 88' lang='lat' dir='ltr'>socio</span> <span class='ocrx_word' id='word_1_39' title='bbox 582 950 757 1010; x_wconf 87' lang='lat' dir='ltr'>Germanus</span> <span class='ocrx_word' id='word_1_40' title='bbox 784 951 897 1024; x_wconf 85' lang='lat' dir='ltr'>ibero,</span> <span class='ocrx_word' id='word_1_41' title='bbox 950 986 958 995; x_wconf 93' lang='lat'>--</span> 
     </span>
     <span class='ocr_line' id='line_1_7' title="bbox 226 1049 989 1133; baseline 0.001 -21"><span class='ocrx_word' id='word_1_42' title='bbox 226 1050 310 1112; x_wconf 86' lang='lat' dir='ltr'>Hinc</span> <span class='ocrx_word' id='word_1_43' title='bbox 328 1052 421 1112; x_wconf 84' lang='lat' dir='ltr'>hahet</span> <span class='ocrx_word' id='word_1_44' title='bbox 442 1063 536 1133; x_wconf 86' lang='lat' dir='ltr'>atque</span> <span class='ocrx_word' id='word_1_45' title='bbox 554 1049 638 1111; x_wconf 86' lang='lat' dir='ltr'>illinc</span> <span class='ocrx_word' id='word_1_46' title='bbox 658 1051 794 1112; x_wconf 85' lang='lat' dir='ltr'>Carolus</span> <span class='ocrx_word' id='word_1_47' title='bbox 811 1050 989 1128; x_wconf 84' lang='lat' dir='ltr'>imperium.</span> 
     </span>
    </p>

    <p class='ocr_par' dir='ltr' id='par_1_4' title="bbox 152 1151 1128 1330">
     <span class='ocr_line' id='line_1_8' title="bbox 152 1151 1128 1232; baseline 0.001 -20"><span class='ocrx_word' id='word_1_48' title='bbox 152 1151 281 1212; x_wconf 83' lang='lat' dir='ltr'>Foedus</span> <span class='ocrx_word' id='word_1_49' title='bbox 313 1153 405 1212; x_wconf 84' lang='lat' dir='ltr'>habet</span> <span class='ocrx_word' id='word_1_50' title='bbox 433 1156 591 1231; x_wconf 88' lang='lat' dir='ltr'>populos,</span> <span class='ocrx_word' id='word_1_51' title='bbox 621 1172 709 1212; x_wconf 85' lang='lat' dir='ltr'>amor</span> <span class='ocrx_word' id='word_1_52' title='bbox 736 1162 831 1232; x_wconf 83' lang='lat' dir='ltr'>atque</span> <span class='ocrx_word' id='word_1_53' title='bbox 859 1151 945 1211; x_wconf 92' lang='lat' dir='ltr'>unita</span> <span class='ocrx_word' id='word_1_54' title='bbox 966 1153 1128 1228; x_wconf 81' lang='lat' dir='ltr'>voluntas,</span> 
     </span>
     <span class='ocr_line' id='line_1_9' title="bbox 226 1252 859 1330; baseline -0.002 -18"><span class='ocrx_word' id='word_1_55' title='bbox 226 1252 364 1330; x_wconf 85' lang='lat' dir='ltr'>Imperio</span> <span class='ocrx_word' id='word_1_56' title='bbox 387 1254 492 1313; x_wconf 83' lang='lat' dir='ltr'>Gallos</span> <span class='ocrx_word' id='word_1_57' title='bbox 513 1270 632 1311; x_wconf 87' lang='lat' dir='ltr'>exuere</span> <span class='ocrx_word' id='word_1_58' title='bbox 652 1263 684 1310; x_wconf 88' lang='lat' dir='ltr'>et</span> <span class='ocrx_word' id='word_1_59' title='bbox 706 1253 859 1311; x_wconf 88' lang='lat' dir='ltr'>Venetos.</span> 
     </span>
    </p>

    <p class='ocr_par' dir='ltr' id='par_1_5' title="bbox 151 1351 1024 1534">
     <span class='ocr_line' id='line_1_10' title="bbox 151 1351 979 1434; baseline -0.001 -21"><span class='ocrx_word' id='word_1_60' title='bbox 151 1353 214 1414; x_wconf 87' lang='lat' dir='ltr'>Per</span> <span class='ocrx_word' id='word_1_61' title='bbox 233 1352 337 1431; x_wconf 75' lang='lat' dir='ltr'>patriae</span> <span class='ocrx_word' id='word_1_62' title='bbox 358 1353 478 1434; x_wconf 86' lang='lat' dir='ltr'>gentis,</span> <span class='ocrx_word' id='word_1_63' title='bbox 509 1353 600 1412; x_wconf 86' lang='lat' dir='ltr'>sociae</span> <span class='ocrx_word' id='word_1_64' title='bbox 621 1373 678 1430; x_wconf 90' lang='lat' dir='ltr'>per</span> <span class='ocrx_word' id='word_1_65' title='bbox 699 1351 801 1432; x_wconf 87' lang='lat' dir='ltr'>gentis</span> <span class='ocrx_word' id='word_1_66' title='bbox 823 1371 979 1427; x_wconf 87' lang='lat' dir='ltr'>amorem,</span> 
     </span>
     <span class='ocr_line' id='line_1_11' title="bbox 225 1451 1024 1534; baseline -0.001 -20"><span class='ocrx_word' id='word_1_67' title='bbox 225 1454 353 1534; x_wconf 81' lang='lat' dir='ltr'>Perque</span> <span class='ocrx_word' id='word_1_68' title='bbox 381 1455 469 1534; x_wconf 87' lang='lat' dir='ltr'>qnod</span> <span class='ocrx_word' id='word_1_69' title='bbox 495 1452 623 1534; x_wconf 89' lang='lat' dir='ltr'>utrique</span> <span class='ocrx_word' id='word_1_70' title='bbox 650 1464 696 1512; x_wconf 90' lang='lat' dir='ltr'>est</span> <span class='ocrx_word' id='word_1_71' title='bbox 725 1451 839 1513; x_wconf 83' lang='lat' dir='ltr'>foedus</span> <span class='ocrx_word' id='word_1_72' title='bbox 867 1453 1024 1528; x_wconf 84' lang='lat' dir='ltr'>amicitiae,</span> 
     </span>
    </p>

    <p class='ocr_par' dir='ltr' id='par_1_6' title="bbox 154 1550 929 1732">
     <span class='ocr_line' id='line_1_12' title="bbox 154 1550 929 1633; baseline -0.001 -19"><span class='ocrx_word' id='word_1_73' title='bbox 154 1550 409 1633; x_wconf 75' lang='lat' dir='ltr'>Communescpre</span> <span class='ocrx_word' id='word_1_74' title='bbox 430 1555 517 1613; x_wconf 88' lang='lat' dir='ltr'>Deos</span> <span class='ocrx_word' id='word_1_75' title='bbox 537 1574 614 1626; x_wconf 88' lang='lat' dir='ltr'>oro,</span> <span class='ocrx_word' id='word_1_76' title='bbox 645 1565 677 1612; x_wconf 90' lang='lat' dir='ltr'>et</span> <span class='ocrx_word' id='word_1_77' title='bbox 697 1552 823 1613; x_wconf 89' lang='lat' dir='ltr'>socialia</span> <span class='ocrx_word' id='word_1_78' title='bbox 842 1553 929 1630; x_wconf 89' lang='lat' dir='ltr'>iura,</span> 
     </span>
     <span class='ocr_line' id='line_1_13' title="bbox 227 1651 892 1732; baseline -0.003 -18"><span class='ocrx_word' id='word_1_79' title='bbox 227 1652 368 1732; x_wconf 78' lang='lat' dir='ltr'>Hospitis</span> <span class='ocrx_word' id='word_1_80' title='bbox 390 1663 518 1714; x_wconf 77' lang='lat' dir='ltr'>Ilutteni</span> <span class='ocrx_word' id='word_1_81' title='bbox 538 1651 755 1711; x_wconf 67' lang='lat' dir='ltr'>commiserat-e</span> <span class='ocrx_word' id='word_1_82' title='bbox 780 1653 892 1714; x_wconf 87' lang='lat' dir='ltr'>vicem.</span> 
     </span>
    </p>

    <p class='ocr_par' dir='ltr' id='par_1_7' title="bbox 151 1750 944 1918">
     <span class='ocr_line' id='line_1_14' title="bbox 151 1750 944 1834; baseline -0.006 -19"><span class='ocrx_word' id='word_1_83' title='bbox 151 1753 300 1817; x_wconf 83' lang='lat' dir='ltr'>Deseruit</span> <span class='ocrx_word' id='word_1_84' title='bbox 328 1753 484 1834; x_wconf 84' lang='lat' dir='ltr'>reliquum</span> <span class='ocrx_word' id='word_1_85' title='bbox 509 1750 612 1811; x_wconf 87' lang='lat' dir='ltr'>morbi</span> <span class='ocrx_word' id='word_1_86' title='bbox 636 1752 783 1832; x_wconf 86' lang='lat' dir='ltr'>contagio</span> <span class='ocrx_word' id='word_1_87' title='bbox 808 1773 944 1832; x_wconf 87' lang='lat' dir='ltr'>corpus,</span> 
     </span>
     <span class='ocr_line' id='line_1_15' title="bbox 228 1852 913 1918; baseline -0.006 -3"><span class='ocrx_word' id='word_1_88' title='bbox 228 1854 347 1915; x_wconf 81' lang='lat' dir='ltr'>Mansit</span> <span class='ocrx_word' id='word_1_89' title='bbox 372 1854 404 1913; x_wconf 92' lang='lat' dir='ltr'>in</span> <span class='ocrx_word' id='word_1_90' title='bbox 432 1864 571 1912; x_wconf 83' lang='lat' dir='ltr'>extrema</span> <span class='ocrx_word' id='word_1_91' title='bbox 597 1853 680 1911; x_wconf 89' lang='lat' dir='ltr'>calce</span> <span class='ocrx_word' id='word_1_92' title='bbox 706 1852 814 1918; x_wconf 88' lang='lat' dir='ltr'>relicta</span> <span class='ocrx_word' id='word_1_93' title='bbox 836 1854 913 1912; x_wconf 90' lang='lat' dir='ltr'>lues.</span> 
     </span>
    </p>

    <p class='ocr_par' dir='ltr' id='par_1_8' title="bbox 155 1952 1003 2135">
     <span class='ocr_line' id='line_1_16' title="bbox 155 1952 1003 2035; baseline -0.005 -18"><span class='ocrx_word' id='word_1_94' title='bbox 155 1957 207 2017; x_wconf 86' lang='lat' dir='ltr'>Tu</span> <span class='ocrx_word' id='word_1_95' title='bbox 226 1967 315 2035; x_wconf 90' lang='lat' dir='ltr'>potes</span> <span class='ocrx_word' id='word_1_96' title='bbox 336 1953 447 2015; x_wconf 85' lang='lat' dir='ltr'>effreni</span> <span class='ocrx_word' id='word_1_97' title='bbox 469 1953 656 2014; x_wconf 78' lang='lat' dir='ltr'>medicinam</span> <span class='ocrx_word' id='word_1_98' title='bbox 683 1971 847 2031; x_wconf 86' lang='lat' dir='ltr'>opponere</span> <span class='ocrx_word' id='word_1_99' title='bbox 869 1952 1003 2028; x_wconf 86' lang='lat' dir='ltr'>morb0,</span> 
     </span>
     <span class='ocr_line' id='line_1_17' title="bbox 229 2051 874 2135; baseline -0.003 -21"><span class='ocrx_word' id='word_1_100' title='bbox 229 2059 281 2116; x_wconf 80' lang='lat' dir='ltr'>&#39;l‘u</span> <span class='ocrx_word' id='word_1_101' title='bbox 300 2067 390 2135; x_wconf 87' lang='lat' dir='ltr'>potes</span> <span class='ocrx_word' id='word_1_102' title='bbox 408 2057 559 2117; x_wconf 82' lang='lat' dir='ltr'>haerentes</span> <span class='ocrx_word' id='word_1_103' title='bbox 579 2055 695 2132; x_wconf 87' lang='lat' dir='ltr'>pellere</span> <span class='ocrx_word' id='word_1_104' title='bbox 718 2051 874 2134; x_wconf 78' lang='lat' dir='ltr'>reliquias.</span> 
     </span>
    </p>

    <p class='ocr_par' dir='ltr' id='par_1_9' title="bbox 154 2153 1057 2338">
     <span class='ocr_line' id='line_1_18' title="bbox 154 2153 1057 2233; baseline -0.008 -15"><span class='ocrx_word' id='word_1_105' title='bbox 154 2158 202 2218; x_wconf 91' lang='lat' dir='ltr'>Ne</span> <span class='ocrx_word' id='word_1_106' title='bbox 223 2156 289 2215; x_wconf 91' lang='lat' dir='ltr'>sine</span> <span class='ocrx_word' id='word_1_107' title='bbox 309 2167 339 2214; x_wconf 87' lang='lat' dir='ltr'>te</span> <span class='ocrx_word' id='word_1_108' title='bbox 358 2155 473 2216; x_wconf 83' lang='lat' dir='ltr'>frustra</span> <span class='ocrx_word' id='word_1_109' title='bbox 492 2153 616 2230; x_wconf 82' lang='lat' dir='ltr'>juvenis</span> <span class='ocrx_word' id='word_1_110' title='bbox 638 2154 811 2214; x_wconf 89' lang='lat' dir='ltr'>Germanus</span> <span class='ocrx_word' id='word_1_111' title='bbox 833 2153 961 2226; x_wconf 88' lang='lat' dir='ltr'>adoret,</span> <span class='ocrx_word' id='word_1_112' title='bbox 1048 2204 1057 2233; x_wconf 75' lang='lat'>,</span> 
     </span>
     <span class='ocr_line' id='line_1_19' title="bbox 229 2253 1021 2338; baseline -0.006 -21"><span class='ocrx_word' id='word_1_113' title='bbox 229 2255 292 2317; x_wconf 85' lang='lat' dir='ltr'>Sed</span> <span class='ocrx_word' id='word_1_114' title='bbox 312 2254 461 2338; x_wconf 85' lang='lat' dir='ltr'>quoniam</span> <span class='ocrx_word' id='word_1_115' title='bbox 479 2267 586 2336; x_wconf 86' lang='lat' dir='ltr'>potes,</span> <span class='ocrx_word' id='word_1_116' title='bbox 617 2254 663 2316; x_wconf 90' lang='lat' dir='ltr'>his</span> <span class='ocrx_word' id='word_1_117' title='bbox 684 2253 800 2316; x_wconf 85' lang='lat' dir='ltr'>artibus</span> <span class='ocrx_word' id='word_1_118' title='bbox 820 2253 897 2313; x_wconf 83' lang='lat' dir='ltr'>affer</span> <span class='ocrx_word' id='word_1_119' title='bbox 918 2271 1021 2332; x_wconf 88' lang='lat' dir='ltr'>opem.</span> 
     </span>
    </p>
   </div>
   <div class='ocr_carea' id='block_1_3' title="bbox 202 2746 1121 2834">
    <p class='ocr_par' dir='ltr' id='par_1_10' title="bbox 202 2746 1121 2834">
     <span class='ocr_line' id='line_1_20' title="bbox 202 2746 1121 2834; baseline -0.01 -9"><span class='ocrx_word' id='word_1_120' title='bbox 202 2753 274 2825; x_wconf 78' lang='lat' dir='ltr'>Ad</span> <span class='ocrx_word' id='word_1_121' title='bbox 321 2746 774 2824; x_wconf 84' lang='lat' dir='ltr'>Maximilianum</span> <span class='ocrx_word' id='word_1_122' title='bbox 818 2747 1121 2834; x_wconf 77' lang='lat' dir='ltr'>Caesarem,</span> 
     </span>
    </p>
   </div>
   <div class='ocr_carea' id='block_1_4' title="bbox 456 2888 864 2984">
    <p class='ocr_par' dir='ltr' id='par_1_11' title="bbox 456 2888 864 2984">
     <span class='ocr_line' id='line_1_21' title="bbox 456 2888 864 2984; baseline -0.012 -23"><span class='ocrx_word' id='word_1_123' title='bbox 456 2900 660 2984; x_wconf 86' lang='lat' dir='ltr'>accepta</span> <span class='ocrx_word' id='word_1_124' title='bbox 693 2888 864 2958; x_wconf 85' lang='lat' dir='ltr'>laurea.</span> 
     </span>
    </p>
   </div>
   <div class='ocr_carea' id='block_1_5' title="bbox 149 3077 1173 4063">
    <p class='ocr_par' dir='ltr' id='par_1_12' title="bbox 149 3077 1173 4063">
     <span class='ocr_line' id='line_1_22' title="bbox 152 3077 980 3157; baseline -0.005 -17"><span class='ocrx_word' id='word_1_125' title='bbox 152 3079 356 3141; x_wconf 87' lang='lat' dir='ltr'>Flaccescunt</span> <span class='ocrx_word' id='word_1_126' title='bbox 368 3110 370 3119; x_wconf 46' lang='lat' dir='ltr'>v</span> <span class='ocrx_word' id='word_1_127' title='bbox 381 3081 470 3138; x_wconf 86' lang='lat' dir='ltr'>lentae</span> <span class='ocrx_word' id='word_1_128' title='bbox 490 3079 620 3152; x_wconf 82' lang='lat' dir='ltr'>salices,</span> <span class='ocrx_word' id='word_1_129' title='bbox 653 3091 683 3138; x_wconf 88' lang='lat' dir='ltr'>et</span> <span class='ocrx_word' id='word_1_130' title='bbox 702 3077 806 3157; x_wconf 88' lang='lat' dir='ltr'>perdit</span> <span class='ocrx_word' id='word_1_131' title='bbox 818 3079 980 3138; x_wconf 82' lang='lat' dir='ltr'>honorem</span> 
     </span>
     <span class='ocr_line' id='line_1_23' title="bbox 231 3177 866 3239; baseline -0.005 0"><span class='ocrx_word' id='word_1_132' title='bbox 231 3179 340 3239; x_wconf 83' lang='lat' dir='ltr'>Gloria</span> <span class='ocrx_word' id='word_1_133' title='bbox 359 3179 507 3238; x_wconf 88' lang='lat' dir='ltr'>silvarum</span> <span class='ocrx_word' id='word_1_134' title='bbox 525 3177 667 3238; x_wconf 80' lang='lat' dir='ltr'>fraxinus</span> <span class='ocrx_word' id='word_1_135' title='bbox 688 3181 746 3236; x_wconf 89' lang='lat' dir='ltr'>alta</span> <span class='ocrx_word' id='word_1_136' title='bbox 765 3197 866 3236; x_wconf 85' lang='lat' dir='ltr'>suunt.</span> 
     </span>
     <span class='ocr_line' id='line_1_24' title="bbox 149 3274 1055 3359; baseline -0.011 -17"><span class='ocrx_word' id='word_1_137' title='bbox 149 3279 260 3354; x_wconf 56' lang='lat' dir='ltr'>,Nudat</span> <span class='ocrx_word' id='word_1_138' title='bbox 278 3278 375 3340; x_wconf 89' lang='lat' dir='ltr'>hiems</span> <span class='ocrx_word' id='word_1_139' title='bbox 394 3280 513 3359; x_wconf 88' lang='lat' dir='ltr'>patulas</span> <span class='ocrx_word' id='word_1_140' title='bbox 532 3277 644 3359; x_wconf 85' lang='lat' dir='ltr'>sagos,</span> <span class='ocrx_word' id='word_1_141' title='bbox 671 3279 876 3356; x_wconf 88' lang='lat' dir='ltr'>platanosque</span> <span class='ocrx_word' id='word_1_142' title='bbox 898 3274 1055 3348; x_wconf 85' lang='lat' dir='ltr'>virentes,</span> 
     </span>
     <span class='ocr_line' id='line_1_25' title="bbox 231 3373 853 3456; baseline -0.01 -15"><span class='ocrx_word' id='word_1_143' title='bbox 231 3379 374 3441; x_wconf 88' lang='lat' dir='ltr'>Rarescit</span> <span class='ocrx_word' id='word_1_144' title='bbox 393 3378 481 3439; x_wconf 88' lang='lat' dir='ltr'>tactis</span> <span class='ocrx_word' id='word_1_145' title='bbox 501 3379 602 3437; x_wconf 89' lang='lat' dir='ltr'>ulmus</span> <span class='ocrx_word' id='word_1_146' title='bbox 629 3398 726 3456; x_wconf 87' lang='lat' dir='ltr'>opaca</span> <span class='ocrx_word' id='word_1_147' title='bbox 746 3373 853 3436; x_wconf 83' lang='lat' dir='ltr'>comis.</span> 
     </span>
     <span class='ocr_line' id='line_1_26' title="bbox 156 3475 983 3559; baseline -0.01 -17"><span class='ocrx_word' id='word_1_148' title='bbox 156 3481 223 3542; x_wconf 89' lang='lat' dir='ltr'>Nec</span> <span class='ocrx_word' id='word_1_149' title='bbox 249 3499 372 3559; x_wconf 89' lang='lat' dir='ltr'>semper</span> <span class='ocrx_word' id='word_1_150' title='bbox 390 3479 458 3541; x_wconf 81' lang='lat' dir='ltr'>liliae</span> <span class='ocrx_word' id='word_1_151' title='bbox 478 3478 616 3553; x_wconf 88' lang='lat' dir='ltr'>virides,</span> <span class='ocrx_word' id='word_1_152' title='bbox 647 3490 677 3540; x_wconf 89' lang='lat' dir='ltr'>et</span> <span class='ocrx_word' id='word_1_153' title='bbox 698 3478 835 3555; x_wconf 87' lang='lat' dir='ltr'>populus</span> <span class='ocrx_word' id='word_1_154' title='bbox 856 3475 983 3558; x_wconf 80' lang='lat' dir='ltr'>ingens,</span> 
     </span>
     <span class='ocr_line' id='line_1_27' title="bbox 231 3576 1079 3661; baseline -0.009 -20"><span class='ocrx_word' id='word_1_155' title='bbox 231 3583 334 3661; x_wconf 82' lang='lat' dir='ltr'>Quam</span> <span class='ocrx_word' id='word_1_156' title='bbox 357 3601 434 3641; x_wconf 88' lang='lat' dir='ltr'>mox</span> <span class='ocrx_word' id='word_1_157' title='bbox 460 3581 636 3653; x_wconf 89' lang='lat' dir='ltr'>occulerat,</span> <span class='ocrx_word' id='word_1_158' title='bbox 666 3590 758 3653; x_wconf 85' lang='lat' dir='ltr'>tonsa</span> <span class='ocrx_word' id='word_1_159' title='bbox 782 3576 915 3638; x_wconf 88' lang='lat' dir='ltr'>renudat</span> <span class='ocrx_word' id='word_1_160' title='bbox 941 3578 1079 3635; x_wconf 88' lang='lat' dir='ltr'>humum.</span> 
     </span>
     <span class='ocr_line' id='line_1_28' title="bbox 155 3677 993 3753; baseline -0.012 -10"><span class='ocrx_word' id='word_1_161' title='bbox 155 3684 229 3743; x_wconf 91' lang='lat' dir='ltr'>Hoc</span> <span class='ocrx_word' id='word_1_162' title='bbox 255 3682 364 3742; x_wconf 89' lang='lat' dir='ltr'>molles</span> <span class='ocrx_word' id='word_1_163' title='bbox 390 3678 510 3740; x_wconf 82' lang='lat' dir='ltr'>faciunt</span> <span class='ocrx_word' id='word_1_164' title='bbox 536 3679 645 3753; x_wconf 84' lang='lat' dir='ltr'>violae,</span> <span class='ocrx_word' id='word_1_165' title='bbox 677 3679 721 3740; x_wconf 88' lang='lat' dir='ltr'>sic</span> <span class='ocrx_word' id='word_1_166' title='bbox 749 3677 810 3738; x_wconf 88' lang='lat' dir='ltr'>lilia</span> <span class='ocrx_word' id='word_1_167' title='bbox 837 3685 993 3748; x_wconf 83' lang='lat' dir='ltr'>marcent,</span> 
     </span>
     <span class='ocr_line' id='line_1_29' title="bbox 231 3779 885 3842; baseline -0.008 -1"><span class='ocrx_word' id='word_1_168' title='bbox 231 3780 337 3842; x_wconf 87' lang='lat' dir='ltr'>Nutrit</span> <span class='ocrx_word' id='word_1_169' title='bbox 355 3780 497 3840; x_wconf 88' lang='lat' dir='ltr'>adoratas</span> <span class='ocrx_word' id='word_1_170' title='bbox 516 3790 548 3839; x_wconf 90' lang='lat' dir='ltr'>et</span> <span class='ocrx_word' id='word_1_171' title='bbox 566 3779 671 3840; x_wconf 82' lang='lat' dir='ltr'>brevis</span> <span class='ocrx_word' id='word_1_172' title='bbox 691 3781 769 3840; x_wconf 90' lang='lat' dir='ltr'>hora</span> <span class='ocrx_word' id='word_1_173' title='bbox 786 3797 885 3838; x_wconf 88' lang='lat' dir='ltr'>rosas.</span> 
     </span>
     <span class='ocr_line' id='line_1_30' title="bbox 158 3873 1173 3963; baseline -0.009 -21"><span class='ocrx_word' id='word_1_174' title='bbox 158 3881 198 3942; x_wconf 90' lang='lat' dir='ltr'>Se</span> <span class='ocrx_word' id='word_1_175' title='bbox 212 3902 342 3963; x_wconf 85' lang='lat' dir='ltr'>quoque</span> <span class='ocrx_word' id='word_1_176' title='bbox 355 3901 448 3962; x_wconf 87' lang='lat' dir='ltr'>quam</span> <span class='ocrx_word' id='word_1_177' title='bbox 459 3881 587 3960; x_wconf 90' lang='lat' dir='ltr'>pulchra</span> <span class='ocrx_word' id='word_1_178' title='bbox 600 3891 663 3954; x_wconf 88' lang='lat' dir='ltr'>est,</span> <span class='ocrx_word' id='word_1_179' title='bbox 678 3900 744 3941; x_wconf 91' lang='lat' dir='ltr'>non</span> <span class='ocrx_word' id='word_1_180' title='bbox 757 3898 881 3957; x_wconf 82' lang='lat' dir='ltr'>semper</span> <span class='ocrx_word' id='word_1_181' title='bbox 895 3894 1051 3936; x_wconf 83' lang='lat' dir='ltr'>amaracus</span> <span class='ocrx_word' id='word_1_182' title='bbox 1066 3873 1173 3948; x_wconf 85' lang='lat' dir='ltr'>effert,</span> 
     </span>
     <span class='ocr_line' id='line_1_31' title="bbox 232 3977 988 4063; baseline -0.009 -21"><span class='ocrx_word' id='word_1_183' title='bbox 232 3981 329 4058; x_wconf 83' lang='lat' dir='ltr'>Quod</span> <span class='ocrx_word' id='word_1_184' title='bbox 348 3980 451 4044; x_wconf 86' lang='lat' dir='ltr'>luerat</span> <span class='ocrx_word' id='word_1_185' title='bbox 467 3980 591 4063; x_wconf 85' lang='lat' dir='ltr'>perdit,</span> <span class='ocrx_word' id='word_1_186' title='bbox 620 3981 737 4045; x_wconf 83' lang='lat' dir='ltr'>nardus</span> <span class='ocrx_word' id='word_1_187' title='bbox 759 3980 861 4042; x_wconf 89' lang='lat' dir='ltr'>odora</span> <span class='ocrx_word' id='word_1_188' title='bbox 881 3977 988 4038; x_wconf 85' lang='lat' dir='ltr'>decus.</span> 
     </span>
    </p>
   </div>
   <div class='ocr_carea' id='block_1_6' title="bbox 0 0 1343 4628">
    <p class='ocr_par' dir='ltr' id='par_1_13' title="bbox 0 0 1343 4628">
     <span class='ocr_line' id='line_1_32' title="bbox 0 0 1343 4628; baseline 0 0"><span class='ocrx_word' id='word_1_189' title='bbox 0 0 1343 4628; x_wconf 95' lang='lat' dir='ltr'> </span> 
     </span>
    </p>
   </div>
  </div>
 </body>
</html>
