2640 4634
339 320 561 441 ἰῆῩεηεὶοε
584 365 891 444 Exhortatorium.
1053 377 1116 446 133

101 561 186 614 illico
204 559 329 614 sublatis
353 562 535 617 commisces
561 562 664 631 proelia
685 563 794 631 cignus,

167 652 286 722 Vixque
306 660 358 705 tuo
378 654 498 707 tandem
515 655 608 707 milite
626 663 729 724 septus
748 656 828 712 ades.

103 745 230 820 Quando
248 759 342 796 unum
363 745 412 812 (ut
431 746 508 799 fama
530 748 588 812 est)
608 748 725 800 medios
751 748 838 801 furm‘
863 747 922 816 egit
950 748 979 801 in
1002 748 1118 818 hostes,

166 840 333 893 Audentem
352 838 449 907 prima
471 855 634 892 conserere
653 856 734 894 arena
753 841 827 895 acie.
850 826 853 830 Δ

99 929 273 999 Ingentique
293 929 391 985 animo
412 931 558 1000 populum
577 931 698 986 turbare
718 934 871 1001 ferocem,

168 1023 245 1075 Cum
259 1022 323 1089 jam
342 1022 473 1075 telorum
492 1032 593 1092 septus
614 1023 650 1076 ab
672 1024 769 1077 imbre
789 1026 883 1081 foces.

99 1115 176 1170 Hinc
195 1114 297 1184 spoliis
316 1113 416 1181 dives,
446 1130 591 1183 coesoque
613 1131 652 1168 ex
671 1115 760 1170 hoste
779 1127 949 1188 superstes,

166 1207 267 1260 Marte
284 1206 408 1261 Palatini
428 1214 524 1260 castra
543 1206 656 1260 Leonis
676 1207 747 1261 adis.

97 1297 240 1373 Quorum
260 1316 315 1352 cur
331 1299 486 1353 modicum
504 1300 584 1353 livor
603 1299 656 1351 tibi
679 1301 786 1370 pendat
805 1301 975 1372 honorem,

166 1391 257 1464 Quod
279 1408 356 1461 pene
377 1392 405 1444 in
423 1392 519 1462 patrio
540 1401 584 1446 est
602 1408 651 1446 ros
671 1392 724 1446 tibi
743 1402 825 1460 gesta
847 1394 925 1450 scio.

96 1483 130 1537 In
147 1492 290 1554 promptu
308 1500 398 1538 causa
418 1493 479 1549 est,
507 1500 568 1537 non
591 1493 620 1538 tc
640 1485 759 1540 fortuna
776 1486 892 1541 sinebat

161 1575 211 1629 Ire
232 1576 333 1644 foras,
364 1577 434 1629 dum
453 1586 522 1629 sunt
537 1585 616 1631 tanta
638 1579 766 1645 gerenda
789 1579 881 1635 domi.

98 1666 181 1737 Saepe
200 1667 320 1738 quidem
339 1669 453 1720 bellum
472 1685 541 1721 cum
557 1669 621 1736 jam
640 1671 803 1723 transferre
821 1687 960 1739 parares,

162 1759 258 1814 Causa
276 1777 355 1813 nova
374 1761 403 1813 in
427 1761 520 1829 patria
539 1778 604 1829 quae
624 1762 781 1827 retineret,
813 1770 884 1816 erat.

97 1855 137 1905 At
155 1862 261 1922 quanta
281 1853 393 1907 interea
412 1863 457 1908 est
476 1863 619 1906 externos
638 1853 734 1922 gloria
752 1869 837 1922 reges

162 1945 291 2000 Pacatus
310 1947 378 1999 solo
399 1946 582 1999 continuisse
609 1948 713 2000 metui

95 2038 154 2090 Aut
171 2039 266 2091 refert
286 2039 410 2108 patriam
429 2039 515 2093 factis
537 2055 696 2108 servasse,
726 2056 894 2110 manuque,

22 2119 24 2125 ¹
161 2131 305 2186 Anbene
327 2133 462 2200 revisa,
493 2134 683 2203 consilioque
705 2132 812 2187 ducis?

93 2224 243 2279 Hactenus
266 2225 397 2282 internas
416 2243 601 2298 componere
622 2225 851 2296 praemuniens,

160 2317 282 2389 Resque
302 2321 361 2373 alio
381 2329 468 2390 pacto
488 2336 550 2373 non
568 2329 694 2390 potuere
712 2318 785 2387 geri.

92 2409 159 2463 Nec
181 2419 268 2479 potes
290 2411 318 2464 in
336 2412 450 2468 bellum
470 2413 627 2466 discordes
646 2412 757 2464 ducere
781 2418 901 2478 gentes,

157 2501 230 2556 Non
252 2502 330 2556 bene
349 2506 466 2557 sedatas
485 2504 732 2573 compositasque
751 2503 843 2572 prius.
931 2540 935 2546 -

82 2594 190 2665 'thue
211 2595 316 2664 opifex
337 2594 426 2647 docili
446 2602 529 2663 parat
547 2594 743 2646 instrumenta
763 2593 918 2656 ministro,

156 2687 196 2740 Et
216 2702 276 2756 quo
297 2686 367 2756 quid
391 2686 497 2753 faciat,
528 2686 639 2738 factum
658 2683 830 2754 habetipse
853 2681 948 2752 prius.
980 2728 986 2732 .

94 2778 141 2832 sie
160 2795 220 2848 quo
240 2778 319 2832 bella
336 2794 422 2848 geras
441 2768 574 2850 populo,
603 2793 664 2848 quo
682 2775 775 2830 milite
794 2788 925 2846 pugnes,

156 2869 358 2940 Prospicere,
388 2881 474 2942 atque
495 2870 570 2940 opus
591 2879 722 2925 estante
741 2886 847 2939 panace
869 2867 932 2921 tibi.

91 2964 160 3017 Jam
188 2973 287 3017 tamen
312 2966 374 3018 hoc
401 2967 513 3017 factum
541 2973 602 3032 est,
626 2981 664 3018 ne
689 2961 781 3016 habet
801 2959 964 3015 Gennania
984 2957 1114 3022 bellum,

158 3057 220 3110 Per
237 3064 265 3107 te
285 3054 424 3107 intestino
442 3055 538 3110 libera
556 3057 634 3108 iacta
651 3054 742 3107 malo.

91 3148 232 3214 Tempus
252 3145 334 3197 adest
353 3145 483 3198 Venetas
502 3147 595 3198 armis
617 3145 778 3199 excindere
796 3145 886 3198 vices.

158 3237 295 3306 Tempus
320 3237 402 3289 adest
420 3235 524 3289 laudes
543 3237 735 3290 accumulare
753 3244 828 3289 tuas.

91 3333 161 3386 Jam
180 3339 267 3400 potes
284 3329 347 3382 hoc
366 3329 471 3395 clare,
493 3327 557 3396 jam
574 3339 603 3381 te
622 3337 801 3397 tempusque
818 3328 983 3400 locusque,

161 3424 292 3499 Quoque
312 3422 392 3476 ineas
413 3421 520 3474 melius
538 3421 662 3492 proelia,
692 3435 780 3475 causa
799 3420 895 3487 iuvat,

94 3517 189 3571 Causa
208 3517 305 3580 iuvat,
335 3524 367 3566 tn
385 3531 460 3581 coge
479 3514 591 3581 duces,
620 3522 652 3566 tu
671 3511 777 3581 collige
794 3512 891 3579 vires,

159 3609 337 3678 Opportuna
357 3604 410 3660 tibi
429 3607 508 3659 bella
526 3615 625 3676 parata
643 3604 737 3659 vides.

92 3701 253 3770 Ignesount
271 3699 378 3766 animi,
404 3699 476 3752 furit
494 3698 670 3751 inflammata
689 3697 842 3765 iuventus,

157 3793 249 3846 Utere
271 3792 352 3862 quod
370 3799 479 3861 praesto
500 3799 562 3857 est,
593 3807 718 3861 quaeque
737 3799 835 3860 parata
853 3789 946 3841 vides.
1016 3783 1024 3793 “

40 3912 42 3923 =
93 3883 174 3938 Olim
193 3883 282 3937 ardor
302 3885 380 3938 feret
398 3884 451 3937 iste
469 3892 572 3949 retro,
604 3884 787 3952 flammaeque
805 3881 965 3952 tepebunt,

161 3974 256 4046 Seque
278 3975 452 4046 interposita
470 3974 559 4028 leniet
579 3974 619 4027 ira
639 3990 736 4029 mora.
977 3973 981 3981 ‘
