2670 4628
151 351 192 416 88
221 351 225 360 '
478 338 535 409 De
562 348 641 416 arte
667 333 818 408 versific.

124 523 126 527 ’
150 537 231 604 Saepe
250 534 376 603 aliquam
396 528 492 585 doctis
512 529 623 604 placuit
639 527 788 596 geminare
806 526 913 595 poetis,

149 614 292 696 Reliquiae
310 623 410 690 velut,
430 631 458 676 ct
473 619 608 689 reduco,
627 620 801 689 religioque.

150 781 164 837 I
183 782 283 838 brevis
304 781 332 844 in
351 779 449 832 medio
472 786 532 845 cst,
550 777 631 832 velut
649 776 794 845 armiger,
818 776 931 845 excipis
951 775 1040 845 inde,

152 873 379 955 Qualicunque,
400 882 428 925 et
448 867 557 954 ubique
576 868 693 936 tamen,
711 884 766 922 nce
785 879 895 939 perstat
914 869 1024 929 ibidem
1035 907 1044 943 ,
1111 937 1115 946 ἡ

153 968 398 1048 Quanticunque,
418 965 503 1058 etiqm
523 963 678 1035 plerique,
696 963 806 1024 tibicen
824 961 950 1034 utrique.

153 1124 230 1193 Hic,
249 1118 299 1177 ubi
319 1138 351 1191 se
370 1133 469 1176 rectus
488 1121 610 1192 reliquis
629 1122 658 1174 in
676 1120 795 1174 casibus
813 1130 917 1189 auget,

153 1221 180 1273 A
198 1217 319 1285 longum
330 1255 339 1283 ‚
359 1231 434 1285 oque
453 1213 548 1278 scies,
567 1213 654 1266 simul
674 1230 711 1279 0,
730 1214 773 1266 sic
794 1214 899 1282 profer
917 1230 1033 1282 earum,

153 1309 334 1373 Musarum,
359 1323 507 1376 quorum,
527 1304 738 1372 dominorum,
761 1306 863 1376 sicque
885 1305 998 1362 dierum

155 1401 180 1459 U
202 1403 300 1458 brevis
320 1401 387 1473 ique
406 1409 523 1464 munet,
542 1397 691 1462 verubus,
710 1398 908 1468 gravibusque
928 1400 1081 1463 notabunt,

157 1559 220 1620 Alis
239 1557 318 1608 utin
337 1562 442 1608 neutro
464 1553 656 1622 producitur,
678 1549 770 1621 adjice
789 1547 886 1621 naris',

159 1649 307 1707 Omnibus
328 1664 360 1700 ar
379 1646 507 1711 neutris,
527 1662 596 1697 cunr
616 1642 746 1706 mascula
766 1647 981 1726 corripiantur,

159 1743 206 1806 Sic
219 1741 310 1808 jubar
329 1750 357 1792 et
374 1749 497 1805 nectar,
517 1739 563 1789 vei
583 1754 670 1809 epar,
694 1739 761 1799 salis
772 1779 781 1805 ,
807 1741 911 1809 excipe
932 1743 1052 1806 abillis,

158 1830 272 1901 haeret·
290 1848 378 1898 anas,
397 1831 538 1900 producis
558 1831 593 1884 ab
614 1848 643 1884 as
654 1872 662 1898 ,
681 1833 731 1884 ubi
752 1847 838 1885 casus
857 1823 993 1889 abundat.

161 1928 207 1985 Sic
225 1926 317 1997 pietas
336 1906 450 1994 pictatis
468 1924 576 2000 habet,
595 1924 647 1976 scd
667 1925 726 1976 adis
745 1923 837 1977 breve
856 1935 979 1995 perstat,
1039 1975 1044 1990 ,

160 2026 206 2076 An
225 1999 364 2084 longum,
384 2018 435 2070 sed
455 2027 482 2070 et
502 2033 555 2083 ax,
578 2018 729 2084 profertur
748 2016 867 2074 casibus
886 2018 958 2080 istis.

160 2110 311 2178 Dropacis
328 2109 418 2173 hinc,
438 2109 528 2174 fucis,
552 2122 637 2177 atque
657 2109 773 2175 abacis,
793 2127 888 2163 corax
905 2120 1003 2164 tamen
1023 2115 1116 2175 aufer.

162 2204 215 2268 El,
235 2221 288 2268 eu,
308 2219 338 2258 es
349 2242 357 2268 ‚
376 2202 486 2269 tendis,
506 2204 623 2272 paries,
642 2183 735 2268 aries,
755 2219 857 2269 seges,
876 2216 904 2254 et
922 2221 991 2272 pes,

161 2297 200 2350 Et
217 2310 318 2362 reges,
337 2304 364 2347 et
382 2305 480 2361 teres,
500 2293 586 2364 atque
606 2295 705 2360 abies,
726 2303 753 2346 et
771 2311 924 2364 praeceps,
944 2297 1118 2368 hebesque,

164 2390 393 2457 interpresque,
412 2387 504 2449 Ceres
516 2427 524 2453 ,
547 2387 654 2457 quibus
675 2387 818 2447 omnibus
839 2402 884 2440 est
903 2389 1001 2442 brevis
1021 2409 1101 2452 usus,

164 2481 196 2535 ln
214 2497 334 2554 quoque
353 2480 539 2549 producunt,
558 2480 704 2548 delphinis
723 2490 774 2545 ut,
794 2491 823 2533 et
841 2482 998 2544 salaminis,

162 2575 201 2635 Et
220 2573 311 2626 breve
332 2572 518 2641 comperies,
542 2589 596 2624 ver
613 2574 676 2646 lege
697 2573 814 2630 excedit
832 2569 868 2626 ab
889 2575 945 2628 illu.

162 2662 201 2720 Et
219 2665 326 2736 quibus
347 2667 382 2718 ad
400 2665 519 2730 Latios,
539 2665 597 2718 eris
616 2668 793 2723 transfertur
813 2666 848 2726 ab
871 2666 938 2739 iris,

164 2761 203 2812 L'e
220 2759 366 2824 Panther,
387 2759 508 2811 Crater:
528 2774 616 2810 secus
637 2768 697 2824 est,
719 2754 768 2811 ubi
788 2756 898 2810 dixeris
920 2777 980 2819 aer,

165 2851 193 2902 ls
212 2848 342 2901 breviter
362 2842 486 2914 crescit,
506 2850 596 2914 longo
617 2850 823 2920 monosyllaba
842 2850 918 2916 fine,

164 2949 190 2994 A
212 2939 283 3010 lapis
300 2952 332 2992 ut
349 2941 470 3009 lapidis,
489 2941 533 2996 sic
551 2942 586 2993 lis
606 2941 637 2993 lit
653 2943 766 2996 mobile
784 2941 853 3007 litis,

165 3033 205 3088 ui
223 3032 318 3102 gregis
338 3033 512 3103 exciperes,
532 3050 570 3087 ex
588 3035 710 3100 longum
730 3037 778 3104 (ut
796 3035 886 3104 regis)
907 3034 1042 3096 haberes.

165 3128 205 3183 Ni
225 3127 311 3181 etiam
329 3129 375 3191 (ut
394 3126 500 3190 silicis)
519 3139 647 3180 mutetur
666 3126 749 3181 litera
769 3128 848 3181 voci.

167 3220 316 3275 Adiectiva
337 3237 391 3289 per
411 3222 458 3288 ix,
481 3238 616 3280 necnon
638 3221 793 3283 muliebria
811 3221 917 3290 tende,

166 3315 279 3375 Praeter
298 3315 388 3381 onix,
406 3313 531 3380 histrix,
550 3313 619 3385 pix,
642 3313 714 3379 nix,
734 3313 909 3391 patriaeque,
931 3313 1084 3382 salixque,

169 3407 399 3476 Casendixquc,
420 3405 499 3474 filix,
519 3405 636 3472 lariciS,
660 3406 749 3475 stygis
770 3417 797 3457 et
817 3405 913 3472 strigis
934 3407 1015 3466 addc,

140 3504 143 3509 “
168 3496 305 3562 pluscula
324 3510 466 3570 praeterea
487 3499 631 3569 producta
649 3498 801 3568 sequentia
819 3499 944 3565 mastix,

168 3588 337 3657 Phoenicis,
358 3590 508 3656 Bombix‚
531 3591 629 3657 Cerx,
648 3591 773 3664 Spadix,
798 3591 987 3661 Sandixquc,

168 3679 323 3738 Damonis
343 3701 360 3735 ο
380 3682 512 3748 breviat,
532 3694 638 3750 praeter
656 3699 731 3752 pene
748 3683 832 3749 l1oc‚'
845 3685 917 3750 legis
937 3682 1009 3735 onis

168 3771 317 3840 Foemina,
335 3791 418 3841 mae,
438 3791 613 3841 commune,
633 3775 720 3828 simul
737 3792 798 3828 non
820 3776 960 3844 propria,
979 3774 1095 3843 produc

169 3864 213 3922 Or
232 3867 339 3937 quibus
359 3865 521 3932 accrescit,
541 3866 626 3920 deme
646 3867 788 3935 indecor,
811 3864 1110 3932 et1nemor‚arbor·.

169 3959 328 4038 Rhemris,
349 3975 383 4010 or
402 3959 502 4016 brevis
524 3973 568 4014 est
585 3958 696 4023 neutris
716 3960 904 4031 propriisque
926 3958 1043 4024 arctatis.
