2670 4628
350 126 379 157 §a

339 180 371 199 ,ι

310 372 314 377 ’
385 373 427 447 in
444 373 606 448 Venetos
625 368 931 448 Exhortatorium.
1096 381 1162 454 127
1249 354 1252 359 ¹

158 573 248 625 Arma
269 577 351 638 regat
368 570 509 639 Scythiae,
536 578 639 638 regnet
655 566 808 640 Dacisque
829 566 990 642 Gelisque,

225 664 415 734 Danubiique
440 666 529 717 ferox
547 665 645 717 frenet
662 647 820 733 utrumque
839 665 924 718 latus.

156 756 324 826 Belligeroe
342 755 500 824 Thraces,
528 755 677 828 Pontique
696 757 809 813 ferocia
827 773 935 824 regna,

224 852 413 905 Sauromatas
432 858 567 920 premat,
595 850 840 920 Massagetasque
858 860 970 905 truces·

158 943 284 1016 Quaque
302 940 402 996 fremit
419 941 553 1010 Pontus,
581 943 708 998 Leandri
727 941 847 1011 insignis
866 959 985 1010 amore,

225 1038 317 1105 Cujus
337 1033 496 1106 complecti
514 1035 605 1090 milite
624 1036 719 1106 possit
738 1052 838 1106 aquas.

157 1128 358 1200 Bysanthique
378 1131 490 1199 amplas
509 1136 628 1197 teneat,
655 1143 728 1200 quas
749 1125 887 1194 abstulit,
918 1143 1022 1196 arces,

225 1220 341 1290 Regnet
360 1219 389 1275 in
408 1225 589 1293 Armenios,
609 1224 859 1295 Cappadooeeque
878 1237 964 1276 euos·

156 1310 360 1388 velocemque
380 1319 504 1388 Tygrim
519 1320 626 1388 juxta,
656 1317 841 1390 Prusamqne
864 1326 1035 1388 potentem,

224 1411 480 1484 Pamphiliamquc
501 1429 621 1466 omnem
641 1408 743 1481 dirigat
762 1420 790 1466 et
807 1408 941 1482 Lyciam.

157 1503 294 1574 Occupet
310 1505 484 1574 Euxinum,
510 1507 656 1574 Tanaim,
684 1515 713 1558 et
731 1504 898 1559 Moeotidos
924 1505 1034 1574 undas,

225 1597 291 1671 Qua
312 1598 421 1666 rigidus
441 1600 534 1653 crudo
553 1600 653 1652 Marte
673 1596 810 1653 Gelonus
831 1607 909 1652 ovat.

156 1686 353 1761 Riphaeasque
372 1709 474 1760 arcer,
503 1678 725 1764 pulchrumqun
745 1689 931 1745 Boristhenis
951 1704 1086 1758 amnem,

224 1783 361 1851 Regnum
382 1798 445 1855 agat
465 1788 494 1840 in
513 1786 634 1853 Medis,
659 1797 715 1854 per
733 1781 900 1853 Cilicasque
918 1797 1021 1851 vagos.

154 1875 216 1930 Per
234 1876 395 1932 Macedum
415 1896 557 1951 campos,
585 1877 765 1949 Oetheoque
785 1877 821 1933 ad
838 1880 908 1934 loca
925 1876 1000 1932 saltu

223 1968 324 2037 Edita,
349 1971 457 2026 Pieriis
478 1971 632 2026 nobilitata
652 1969 756 2028 sacris

157 2060 282 2132 Quaque
301 2063 384 2133 piger
402 2065 501 2120 refluis
519 2066 592 2120 ludit
608 2064 764 2122 Maeander
784 2065 812 2121 in
831 2062 915 2121 randis
926 2101 935 2134 ,

223 2157 354 2223 Aegeum
375 2159 409 2210 ad
427 2159 565 2229 pelagus,
593 2158 779 2232 «Ioniumque
799 2160 919 2217 fretum.

156 2247 267 2301 Serviat
284 2249 354 2303 huic
364 2288 373 2318 ,
403 2253 543 2323 quicquid
560 2253 690 2307 Peneius
710 2253 789 2308 alluit
808 2255 918 2324 amnis,

223 2340 431 2413 Bebrieiaeque
456 2344 567 2414 urbes,
597 2363 669 2418 quas
691 2343 862 2418 Galataeque
881 2347 983 2403 colunt
991 2388 1001 2418 ,

153 2430 260 2486 Pareat
278 2434 376 2488 Joniae
396 2437 482 2493 tellus
500 2438 571 2492 huic
582 2479 591 2507 ,
623 2441 715 2493 Cares
735 2441 876 2509 adorent,

223 2526 390 2596 Omniaque
410 2532 444 2583 ad
463 2531 556 2584 Tauri
576 2532 691 2586 consita
710 2541 870 2604 utrumque
884 2533 1000 2603 jugum.

84 2676 88 2685 ,
154 2615 308 2687 Catatiqne
326 2620 418 2674 urbes
437 2621 581 2694 Pelopis,
610 2642 724 2696 perque
747 2626 879 2679 Arcadas
900 2627 1027 2681 omneis.

222 2713 372 2767 Barbarus
390 2714 452 2768 hoe
472 2716 554 2785 loges
575 2726 711 2788 tempore
731 2719 833 2772 Turca
852 2719 937 2772 ferat.

153 2802 210 2857 Jus
231 2805 449 2877 Hierosolymis
473 2810 550 2864 dicat
567 2811 743 2879 Sulthanus,
770 2821 799 2866 et
816 2809 915 2866 omnis

222 2898 336 2968 Oppida
354 2900 466 2955 Judaeae
484 2902 541 2956 sub
562 2902 671 2958 ditione
690 2913 782 2974 regat.

153 2987 215 3042 Per
233 2990 346 3057 Syriam
363 3002 468 3060 tonet,
496 3005 583 3065 atque
601 2993 718 3052 Arabes
736 2994 922 3052 vastissimus
939 2995 1002 3064 ille,

222 3080 260 3132 Et
277 3090 352 3134 terat
375 3083 491 3153 imperii
511 3085 633 3142 fulmine
653 3100 759 3145 cuncta
782 3090 837 3145 sui.

152 3170 278 3224 Flumen
298 3175 332 3226 ad
350 3174 556 3244 Euphratem,
571 3178 701 3251 'Nilique
721 3197 776 3253 per
796 3181 869 3238 ostia
889 3190 1004 3253 septem

222 3263 358 3332 Regnet,
387 3266 530 3323 idumaeas
549 3270 606 3323 sub
624 3273 699 3342 pede
726 3276 819 3330 salcet
845 3291 937 3346 opes,

152 3355 210 3410 Hic
228 3352 279 3409 ubi
299 3358 462 3413 odoriferis
479 3373 642 3417 nascuntur
660 3364 747 3422 thura
766 3366 894 3434 Sabaeis,

221 3451 440 3522 Balsamaque,
470 3461 499 3506 et
518 3454 610 3525 longo
629 3458 764 3514 cinnama
787 3461 896 3529 agenda
915 3459 1000 3514 mari.

73 3620 75 3627 Ι
154 3541 285 3612 Imperet
302 3544 377 3597 urbe
397 3545 492 3615 Tyri,
521 3560 637 3619 quaque
658 3546 702 3605 e'st
720 3553 870 3608 rarissima
888 3550 1034 3619 Phoenix,

222 3639 345 3707 Aegypti
365 3637 393 3690 in
412 3647 523 3704 terras,
551 3640 774 3714 Aethiopesque
799 3646 913 3714 nigros.

84 3796 87 3800 λ
155 3725 348 3799 Caldaeosque
369 3739 397 3783 et
418 3745 491 3801 opes
516 3731 594 3799 regis
611 3737 786 3789 moderetur
802 3738 957 3808 Erythrae,

220 3821 259 3873 Et
279 3821 393 3901 circum
410 3824 512 3878 Pharii
532 3823 630 3878 littora
650 3828 741 3883 rubra
761 3829 861 3886 maris.

153 3912 197 3963 Ae
216 3929 316 3966 sacras
336 3916 478 3972 ,Iordanis
498 3933 610 3989 aquas,
640 3919 819 3994 Memphitis
838 3921 873 3978 ad
890 3919 980 3977 urbes

219 4004 351 4077 Imperio
370 4009 503 4067 Meroen
524 4009 640 4067 claudat
661 4023 691 4071 et
704 4017 865 4087 Assyrios.
