2640 4634
194 428 262 496 292
478 418 519 488 ln
543 419 707 491 Laudem
727 420 866 495 Alberti

192 613 375 682 Nativusque
394 612 488 665 decor
505 613 640 682 praebent
651 622 811 682 'augmenta
830 615 950 671 favoris.

191 706 249 760 vix
268 707 304 758 ita
321 722 480 758 succensas
497 706 579 760 sicco
594 707 656 774 jam
676 709 803 760 culmine
822 710 921 778 fruges

190 800 301 852 Ventus
320 816 407 867 egens
424 800 555 851 flamines
574 809 714 862 exercet,
738 809 767 853 et
785 799 893 870 impete
914 804 1006 858 nutrit

188 893 361 962 Serpentem
381 892 545 961 crepitum,
567 902 636 945 tnnc
656 909 723 945 cunr
742 894 849 963 procul
867 896 1008 948 omnibus
1024 912 1125 967 esses,
1155 878 1176 931 ’Ῐί
1200 872 1204 881 ’

185 987 339 1042 Finximus
357 986 528 1054 adspectum
547 986 711 1054 quendam,
731 1002 792 1038 non
814 984 953 1041 finximus
971 989 1077 1059 istun,
1161 980 1165 985 ¹

185 1080 293 1134 Omnia
311 1088 380 1133 sunt
398 1096 471 1133 vero
489 1078 621 1147 majora,
641 1072 783 1131 incredita
802 1090 931 1149 praestas.

182 1173 248 1226 vivi
270 1172 367 1238 oculi,
385 1186 535 1242 purusque
555 1172 660 1237 color,
684 1170 769 1223 frons
788 1172 851 1225 laeta
870 1175 991 1243 pudoris

165 1266 267 1334 ‘Signa
285 1264 465 1330 verecundi,
484 1273 597 1317 tantum
618 1280 651 1316 os
671 1281 685 1314 e
703 1265 842 1331 sanguine
861 1266 1006 1333 rubrum,

180 1360 317 1433 Quantru
333 1359 409 1413 inest
427 1359 524 1410 animo
544 1359 659 1427 pudor,
680 1357 809 1426 optimus
826 1358 954 1429 undique
974 1369 1092 1415 constat

177 1448 394 1505 Membrorum
413 1450 540 1514 modus,
561 1465 600 1500 ex
617 1449 698 1501 omni
718 1456 745 1500 te
763 1458 846 1518 parte
864 1459 1041 1519 venustum,

177 1543 227 1597 Ex
244 1534 326 1597 othni
343 1543 486 1611 aequuiem
507 1541 578 1593 fecit
598 1540 700 1617 Deus>
718 1542 823 1597 amula
840 1551 927 1597 tantae

178 1637 315 1705 Corpora
332 1634 465 1700 virtutis,
483 1634 641 1702 vultusque
660 1641 689 1685 et
707 1634 832 1689 amabile
850 1635 976 1704 signum.

174 1730 318 1799 Expirate
335 1743 431 1792 rosae,
452 1727 558 1809 summi
578 1727 728 1780 vanescite
750 1727 856 1781 cultris.

173 1823 229 1876 Hic
249 1823 359 1888 decor,
376 1821 427 1873 hic
445 1837 530 1874 amor
548 1829 603 1875 est.
640 1818 720 1891 Quid
738 1828 818 1887 tum,
837 1821 860 1873 si
879 1822 1143 1897 invidertetnum,

171 1915 255 1970 Dum
274 1914 356 1968 malit
372 1926 497 1981 regnare
513 1912 587 1978 sibi,
608 1911 713 1965 vicinia
729 1912 839 1969 nobie?
1028 1972 1036 1985 ,

170 2009 241 2062 Jam
260 2017 345 2061 vetus
360 2006 426 2061 haec
444 2006 481 2059 lis
500 2016 543 2059 est
560 2005 695 2077 populis,
713 2022 769 2077 pro
788 2002 908 2061 dotibus
926 2009 987 2063 isti·

171 2102 326 2165 Certatur,
345 2100 427 2169 quod
445 2099 569 2168 quisque
590 2098 688 2169 cupit,
709 2098 779 2150 dum
797 2100 928 2171 possidet
946 2102 1038 2171 alter,

169 2195 293 2245 Aestuat
310 2193 384 2243 intra
405 2206 452 2255 se,
472 2191 689 2259 melioremque
709 2190 819 2245 inuidet
837 2208 949 2248 auram.

168 2284 236 2338 Nos
255 2285 373 2336 fortuna
392 2281 463 2334 bens
474 2321 483 2347 ,
507 2282 614 2334 frustra
636 2283 841 2336 affectantibus
861 2284 934 2353 iilis,

166 2377 259 2445 Regia
277 2376 463 2430 Francorum
481 2374 605 2426 soboles
622 2374 677 2428 sibi
696 2376 974 2446 vendicat,ortum;

165 2469 305 2525 Marchia
322 2468 472 2523 nutricem
487 2466 595 2535 jactat,
614 2476 677 2521 tum
697 2468 811 2523 Norica
827 2471 926 2522 civem

165 2563 235 2616 Vult
253 2563 325 2614 urbs
344 2577 407 2613 esse
425 2576 531 2625 suum,
553 2560 705 2613 dominnm
723 2578 795 2628 gens
813 2564 931 2616 Saxona
946 2564 1049 2634 primis

165 2655 301 2710 Obtinuit
319 2654 414 2721 votis,
437 2653 551 2720 majora
570 2652 598 2703 in
618 2656 778 2707 commoda
796 2656 922 2708 Rhenus

162 2748 312 2814 Abstulit,
332 2747 360 2798 in
378 2748 533 2814 majusque
553 2745 663 2810 decus,
683 2763 719 2798 ne
738 2748 850 2801 credite
872 2749 971 2816 cives,

162 2840 235 2894 Non
254 2840 318 2891 Diis
336 2823 524 2906 auspibibus,
544 2847 625 2890 certe
643 2838 721 2890 haud
740 2840 925 2895 manifestius
942 2856 1073 2911 unquam

161 2931 277 2995 Hortati
295 2929 413 2998 superi,
432 2945 487 2980 vos
505 2929 562 2981 laeti
582 2930 723 2982 admittite
743 2930 862 2998 dignum
914 2952 919 2969 =

160 3025 228 3081 Hoc
245 3023 393 3076 desiderio
413 3022 545 3088 donum,
563 3031 679 3090 sperate
699 3023 817 3075 futuros

157 3123 292 3171 Accessu
310 3114 435 3167 meliore
455 3113 536 3180 dies,
551 3114 613 3180 J'arn
635 3113 729 3182 prima
743 3116 885 3184 juventus

156 3211 238 3265 Dent
257 3209 370 3276 majora
390 3206 473 3272 anni,
492 3215 643 3275 spectatur
662 3205 698 3259 ab
717 3206 817 3260 indole
837 3208 947 3276 virtus,

156 3304 243 3357 Certa
264 3301 306 3353 sni
326 3314 463 3369 semper,
483 3314 547 3368 quae
566 3299 608 3349 sic
628 3313 765 3368 coepere,
786 3301 910 3354 subinde

152 3395 309 3448 Imrnutata
328 3401 466 3457 nument,
488 3375 616 3443 cui'lnns
635 3409 650 3444 a
668 3401 753 3459 gente
772 3404 886 3446 vetusta

150 3486 267 3542 Prodiit
286 3496 372 3555 atque
393 3485 508 3537 animos
527 3484 676 3537 stimulant
695 3485 810 3539 virtutis
831 3502 954 3550 amore,

148 3578 283 3646 Egregiis
302 3584 497 3630 monumenta
515 3577 612 3642 notis,
638 3587 666 3629 et
685 3579 781 3645 imago
800 3596 923 3632 suorum
933 3619 942 3645 ,

148 3671 336 3741 Gentilisqne
356 3672 471 3735 decor,
490 3669 598 3736 titulis,
618 3654 755 3740 famaque
774 3673 908 3737 recenti,

145 3764 250 3819 Indole
270 3763 319 3832 qui
340 3772 417 3815 tanta
440 3771 501 3827 est,
531 3761 602 3813 istos
620 3772 770 3831 spectatus
791 3765 826 3817 ad
845 3778 948 3816 annos,

144 3858 200 3911 llic
220 3856 331 3927 poterit
349 3872 409 3906 non
433 3868 496 3906 esse
515 3852 634 3909 bonus?
660 3864 709 3907 aut
726 3856 840 3908 desinet
856 3854 1008 3924 unquam?

142 3950 304 4003 Fortunate
324 3956 424 4016 pater,
447 3945 537 3998 talem
556 3954 583 3997 te
604 3962 729 3999 eernere
747 3963 861 4016 nuper,
895 3950 905 3973 ’·“

140 4042 243 4097 Ardor
263 4049 325 4093 erat
342 4036 479 4110 populis,
501 4036 596 4091 erevit
612 4038 780 4095 reverentia
798 4039 873 4093 viso.
