2640 4634
239 733 1043 830 HermanniTrebeliiNotiani,

141 866 270 931 Poetae
289 867 454 922 Laureati
475 848 506 922 et
524 854 655 938 Legum
677 873 919 947 imperialium
945 875 1144 942 Candidati,

348 988 402 1067 ad
442 989 736 1087 Henningum
776 993 947 1086 Loetz,

492 1117 514 1162 J.
546 1118 572 1167 U.
600 1117 794 1175 Ductorem,

387 1242 472 1299 pro
504 1225 895 1301 po‘iltaHutleno

264 1348 644 1462 admonitio
696 1351 1023 1476 elegiaca.

531 1558 753 1582 mv

140 1689 269 1792 Aspera
288 1740 337 1778 res
358 1727 467 1793 agitur,
489 1726 620 1796 patribus
643 1744 704 1780 non
729 1730 845 1796 cognita
863 1730 978 1800 prisce,
1012 1752 1015 1759 ·

209 1827 295 1899 Quos
316 1829 428 1881 celebri
450 1830 548 1884 Genio
569 1829 707 1885 Teutona
725 1841 803 1885 terra
824 1834 896 1885 tulit.

139 1925 201 1984 Res
220 1944 317 1995 nova,
337 1947 384 1984 res
403 1932 586 1996 truculenta,
605 1932 725 1998 minax,
747 1933 919 2002 res-impia,
937 1933 1080 1997 mordax,

207 2029 269 2081 Res
288 2030 398 2097 agitur,
417 2032 524 2097 Lossi,
545 2034 766 2100 sanguinolenta
783 2032 846 2087 tibi.

139 2126 274 2194 Felices,
294 2131 401 2198 quibus
420 2131 574 2197 innocuis,
596 2132 658 2186 sine
678 2134 802 2190 crimine
820 2135 915 2199 fama,

206 2230 254 2288 Ad
274 2230 388 2298 Stygios
408 2232 480 2286 olim
499 2233 622 2300 contigit
639 2235 682 2287 ire
702 2236 800 2291 lacus!

139 2327 254 2388 Felices
273 2331 384 2399 etiam,
398 2333 484 2392 licoat
502 2334 610 2387 sceleri
628 2336 726 2389 scelus
744 2337 867 2401 addant,

207 2433 234 2483 A
253 2432 348 2485 doctis
368 2435 488 2502 cupidas
508 2435 556 2504 qui
574 2444 696 2496 tenuere
715 2439 837 2488 munus!
869 2472 871 2477 ·

140 2531 196 2584 Sed
216 2548 277 2584 non
295 2533 356 2584 hoc
373 2533 485 2586 misero
505 2534 588 2586 licuit
603 2534 679 2599 tibi,
697 2543 785 2602 teque
803 2534 923 2589 beatum

209 2633 285 2685 Cum
305 2632 405 2685 multis
424 2633 480 2685 dici
500 2634 598 2692 ferrea
616 2634 711 2688 Parca
723 2640 808 2685 ,vetat

140 2732 221 2788 Heu!
242 2733 375 2800 facinus,
394 2735 549 2804 dirumque
569 2743 677 2804 caput,
695 2744 754 2787 tam
772 2731 899 2786 barbara
916 2739 1035 2800 tamque

208 2834 335 2886 Horrida
354 2845 514 2908 tempestas
533 2835 597 2893 haec
616 2853 682 2899 mea
701 2835 792 2889 corda
812 2834 889 2892 ferit.

141 2932 220 3011 Quid
239 2934 365 3001 patimur
382 2945 480 3001 vates,
499 2937 597 2988 divino
614 2937 735 2991 numine
755 2935 851 3004 pleni,

207 3038 304 3101 Atque
324 3029 523 3101 supernorum
539 3035 668 3088 maxima
687 3052 757 3088 cura
775 3035 886 3086 deum?

138 3134 236 3198 Est0,
256 3132 292 3182 sit
313 3132 468 3200 quisquam
489 3114 596 3197 doctor
616 3134 781 3200 consulque
800 3131 968 3200 superbus,

120 3229 122 3234 ’
207 3230 289 3296 Ergo
309 3245 414 3284 sacros
432 3240 514 3284 vates
533 3248 656 3300 carpere
672 3234 741 3301 jure
760 3233 880 3300 potest?

139 3334 202 3395 Res
224 3332 321 3402 potius
340 3332 522 3398 truculenta,
541 3332 659 3399 minant,
677 3349 726 3388 res
745 3331 852 3400 impia,
871 3329 1015 3394 mordax,

208 3408 271 3486 Res
291 3442 406 3498 surgat,
427 3431 536 3499 Lossi',
559 3433 780 3499 sanguinolenta
798 3430 861 3482 tibi.

140 3534 305 3598 Dicamus,
325 3534 373 3603 qui
392 3534 449 3587 sint
469 3535 595 3600 doctor,
613 3535 788 3602 genitorque
806 3530 969 3601 superbus,

208 3621 247 3686 Et
264 3634 372 3693 Phoebi
392 3635 456 3703 telis
475 3636 551 3695 ictus
570 3645 695 3704 uterque
716 3633 810 3687 cadat.
860 3663 864 3668 -
931 3664 934 3668 >

142 3735 193 3790 Tu
210 3749 347 3804 quoque,
366 3745 396 3787 tu
415 3736 532 3801 Pallas,
552 3736 620 3804 quia
638 3746 666 3788 te
686 3733 853 3786 veneranda
872 3739 1000 3785 vetustas

208 3839 359 3888 Armatam
377 3836 490 3906 pinxit,
514 3836 634 3911 cuspide
652 3846 711 3890 tuta
728 3833 813 3892 venil
