2640 4634
230 377 277 452 28
607 366 753 459 Querel.
779 367 800 436 l.
833 366 860 436 Ι.

171 551 172 556 ¹
229 559 319 632 Finge
338 562 489 645 repbntina
508 561 666 616 confectos
684 545 782 614 morte
800 566 960 630 parentes,

298 659 374 708 Ante
393 655 471 707 diem
488 655 612 707 miseras
633 654 808 724 exposuisse
833 652 959 718 animas3

229 742 356 804 Etcum
371 748 511 816 jucundis
531 746 630 802 affines
650 748 757 801 cedere
776 746 896 799 amicis:
985 743 988 756 '

299 842 379 914 Quid
399 849 538 910 superest
556 841 602 894 illa
626 842 795 895 conditione
815 838 887 893 tibi?

229 933 281 988 Dii
300 944 398 987 tamen
418 941 565 1000 avertant,
584 951 621 987 ne
639 942 667 986 te
685 935 760 987 mala
778 941 855 985 tanta
874 935 1051 1000 sequantur,

296 1027 336 1081 Et
354 1037 384 1080 tu
404 1027 530 1078 fortunae
548 1026 592 1078 sic
610 1043 728 1080 memor
747 1041 812 1079 esse
833 1023 924 1076 uelis!

231 1120 365 1193 Quieque
384 1119 436 1170 tibi
456 1118 588 1170 nondum
606 1118 726 1185 nocuit,
744 1117 879 1189 potuisse
899 1119 1067 1179 memento,

297 1212 348 1264 Illa
367 1210 486 1280 quidem
507 1190 624 1287 ancipiti
643 1212 768 1282 datque,
785 1209 919 1280 rapitque
940 1207 1016 1261 rotb.

229 1304 346 1372 Atque,
364 1301 414 1354 ubi
435 1297 594 1376 cognbris,
613 1313 805 1374 mentemque
824 1300 1010 1371 immerseris
1025 1296 1104 1362 illis,

295 1397 436 1451 Fortunae
454 1398 572 1449 tandem
594 1397 808 1451 commiserere
825 1398 916 1448 meae!

228 1491 291 1543 Tot
310 1490 431 1542 crucior
449 1491 583 1559 morbis,
601 1490 766 1561 absumque
787 1497 922 1542 remotus
941 1485 978 1539 ab
997 1483 1074 1549 illis,

295 1583 480 1650 Undesorot
497 1583 609 1637 misero
629 1598 698 1653 spes
720 1583 860 1654 capienda
881 1580 965 1634 milii.
1015 1611 1017 1615 .

226 1675 332 1730 Rebus
351 1693 458 1744 egens,
477 1686 506 1730 et
522 1678 626 1748 inops,
646 1679 785 1747 curisque
804 1672 934 1729 afflictus
946 1673 1069 1739 amaris,

196 1836 198 1840 y
296 1769 514 1841 Quamcunque
533 1765 694 1841 adspicias,
712 1771 770 1824 hae
790 1787 844 1837 ego
864 1778 946 1839 parte
964 1782 1097 1838 premor.

226 1862 296 1915 llaec
316 1871 344 1914 te
364 1872 576 1932 permoveant,
594 1882 651 1916 nee
670 1864 710 1917 sis
730 1863 759 1915 in
779 1871 885 1915 caetera
903 1860 1013 1925 durus,

293 1955 476 2025 Auxilioque
494 1957 585 2023 velis,
604 1974 661 2027 qua
679 1957 770 2023 lieet,
791 1950 966 2028 esse'mihi!
1001 1986 1004 1991 ·

226 2048 275 2100 Sic
286 2089 295 2115 ,
314 2049 367 2100 trbi
386 2066 454 2101 cnm
473 2048 617 2103 membris
638 2050 751 2102 animus
771 2060 891 2119 quoque
910 2038 1046 2116 ternpore
1065 2052 1198 2110 creseat,
1220 2043 1223 2059 ²

293 2140 332 2192 Et
350 2141 431 2193 vivas
450 2141 556 2193 multas
574 2141 632 2194 hac
650 2143 798 2212 probitate
817 2139 898 2208 ‹lies3

224 2232 292 2287 Nec
311 2232 364 2284 tibi
383 2234 509 2285 fortunae
530 2234 621 2287 facies
642 2251 745 2289 aversa
765 2242 900 2302 geratur,

290 2324 331 2378 Et
349 2341 438 2394 super
458 2326 584 2395 aequales
606 2326 642 2380 sit
659 2326 712 2379 tibi
731 2335 832 2397 partus
849 2325 959 2377 honos.

527 2641 933 2759 ElegialV.

333 2817 388 2886 Ad
415 2814 642 2886 Joachimum
664 2803 865 2912 Nigeman‚
892 2812 1130 2911 Collegiatum

574 2935 888 3009 Rostochiensem.

221 3280 283 3370 Tu
304 3338 423 3390 quoque
442 3319 598 3374 Pomerias
618 3321 766 3389 celebris,
784 3320 962 3387 Joachime,
981 3337 1036 3390 per
1055 3336 1142 3386 oras,
1230 3324 1232 3331 '

288 3412 327 3464 Et
346 3414 450 3478 titulo,
470 3423 499 3466 et
516 3431 617 3467 rerum
636 3416 770 3483 pondere
789 3432 901 3468 nomen
918 3413 1056 3479 habenS,
1137 3446 1140 3450 ι

221 3499 364 3557 Musicus
383 3505 548 3572 Hutteuus,
570 3508 720 3560 fortunam
745 3516 887 3576 expertus
906 3505 1036 3576 iniquum
1047 3545 1057 3572 ,

288 3593 327 3648 Et
345 3596 421 3647 male
440 3597 558 3650 sublimi
583 3607 682 3652 trusus
702 3599 737 3652 ad
756 3598 813 3652 ima
832 3599 920 3665 loco,

220 3685 346 3750 Nudus,
366 3703 470 3754 egens,
491 3705 619 3758 exspes,
638 3693 792 3756 desertus,
811 3692 947 3744 febribus
965 3698 1067 3756 ustus,

289 3779 430 3857 Confugit
449 3789 514 3834 ante
533 3782 640 3835 oculos
650 3823 659 3848 ‚
680 3784 775 3837 littera
793 3783 824 3852 ²⁴)
841 3783 922 3852 visa,
939 3791 1018 3836 tuos.

219 3900 412 3913 Μ

254 3979 277 4026 *l
294 3977 326 4020 M.
344 3974 395 4019 will
413 3977 503 4022 littora
522 3979 581 4022 state
599 3981 695 4025 littera.
710 3991 712 3994 ·
