2640 4634
361 378 575 452 Verdienste
600 376 675 450 und
701 379 936 451 Chamckter.
1070 402 1154 452 nnn

119 536 121 542 ’
201 566 1097 647 mmnfflummnmmmunmm

464 698 466 703 ⁴
513 668 634 735 Latinis
652 691 684 731 n.
704 670 783 747 158.)

218 813 257 880 U.
276 817 318 878 H.
337 812 371 877 in
389 814 626 899 Epigrammatis
646 817 743 882 salsus
763 827 826 903 est,
854 813 887 879 in
907 813 1151 892 Exhortatione,

143 927 178 980 ut
189 920 332 980 Venetos
342 930 569 1000 prosequatur,
583 906 677 990 acris,
691 914 927 998 facundusque,
946 917 980 978 in
993 914 1154 982 Piscatura

144 1017 361 1093 Venetorum,
400 1035 494 1100 quam
524 1019 615 1097 opino
644 1016 801 1099 depingit,
845 1029 879 1079 ut
906 1027 939 1079 et
967 1016 1152 1090 Germania,

144 1119 326 1193 mediocris,
355 1119 389 1180 in
409 1118 584 1198 Triumpho
604 1114 776 1198 Capnionis
794 1128 825 1178 et
842 1117 1040 1195 Panegyrico
1062 1114 1153 1194 Epis·

146 1218 220 1300 copi
238 1218 421 1301 Mogontini
440 1220 588 1281 erectior.

192 1395 327 1483 37).)0.
346 1390 466 1458 Andr.
486 1368 712 1485 Quenstodt
732 1388 779 1472 (in
793 1392 917 1474 Dialog.
937 1392 977 1453 de
993 1388 1101 1471 patrns

153 1492 157 1497 ’
291 1495 399 1595 illustr.
418 1495 561 1602 doctrina
580 1507 611 1555 et
630 1492 735 1576 script.
756 1495 854 1556 viror.
872 1492 1040 1588 111115.)

217 1635 255 1702 U.
275 1640 317 1701 H.
337 1641 446 1722 Eques
466 1649 497 1700 et
515 1641 617 1713 lctus,
640 1637 695 1720 qui
714 1638 881 1700 causamb.
898 1631 1049 1710 Lutheri,
1067 1635 1155 1696 Pon-

142 1735 267 1803 tificiam
301 1739 525 1803 idolomaniam
556 1739 765 1820 impugnantis
793 1737 956 1822 probavit,
994 1739 1153 1817 multaque

141 1840 239 1901 libere
265 1839 299 1901 in
318 1837 507 1902 Pontificem
531 1843 632 1921 palam
656 1838 787 1924 scripsit.
807 1874 841 1884 -
863 1871 899 1884 -
918 1876 955 1890 --
974 1836 1049 1898 Fuit
1070 1836 1154 1897 Hut·

143 1951 233 2002 tenus
243 1938 414 2001 nobilitate
433 1952 465 2001 et
480 1940 572 2002 laude
586 1936 711 2024 generis
728 1935 847 2023 antiqui
864 1937 896 2000 in
912 1936 1020 2018 primis
1036 1937 1153 2009 clarus,

144 2038 290 2101 doctrinae
310 2039 439 2101 eruditae
457 2038 620 2123 princeps,
639 2041 789 2103 libertatis
809 2034 962 2120 cupidus.

260 2211 310 2291 38)
336 2213 357 2278 J
363 2236 394 2278 o.
412 2216 433 2279 J
441 2236 491 2279 ac.
513 2214 728 2280 Hoffmann
747 2216 872 2297 (Lexic.
891 2214 1031 2280 univers.
1096 2301 1105 2314 N

515 2317 770 2400 nnuma

152 2452 254 2520 U.
273 2445 315 2520 H.
334 2455 395 2542 Eq.
421 2456 534 2523 Franc.
555 2463 735 2525 eruditione
756 2460 907 2544 inclytus,
933 2480 1069 2544 corpore
1086 2457 1154 2521 exi-

142 2552 252 2646 g'uus,
261 2578 372 2620 verum
391 2560 494 2622 anirno
517 2572 580 2645 tam
597 2563 752 2638 sublimis,
780 2585 815 2624 ac
834 2563 1028 2642 intrepidus,
1051 2569 1107 2634 ut,
1127 2559 1154 2621 si

141 2657 174 2721 i'n
194 2657 264 2740 ejus
285 2671 441 2740 potestate
461 2661 590 2738 suisset,
625 2662 808 2726 universum
832 2673 935 2725 totum
960 2661 1084 2740 penitus
1106 2658 1155 2720 in

142 2760 297 2823 vertisset.
336 2762 438 2823 Poe'ta
457 2763 608 2840 eximius,
628 2765 685 2826 sed
703 2759 780 2826 stilo
794 2783 875 2824 acer.

303 2999 305 3005 ,
329 2934 378 3013 39)
403 2935 525 3000 Conr.
546 2940 639 3001 Sam.
661 2896 968 3003 Schurzfleisch
1004 2996 1008 3007 ,

375 3033 455 3126 (vit.
474 3039 596 3103 Alberti
615 3040 765 3120 animosi,
787 3063 820 3122 p.
840 3041 918 3116 155.)

216 3176 256 3243 U.
284 3175 326 3242 H.
355 3176 405 3241 vir
436 3181 536 3257 omnis
567 3180 772 3263 peritissimus
806 3179 1014 3264 antiquitatis:
1063 3175 1154 3256 cujus

144 3281 252 3359 Satyra
272 3276 312 3342 ad
328 3266 489 3356 inertiam,
523 3293 553 3341 et
570 3302 686 3360 pravos
705 3301 808 3344 mores
825 3281 1052 3367 monachorum
1067 3295 1155 3338 coar·

144 3381 289 3460 guendos
310 3380 424 3452 valuit,

257 3556 306 3634 10)
338 3557 432 3619 Dan.
455 3559 602 3642 Georg.
621 3552 814 3622 Mocholl
830 3551 876 3634 (in
892 3552 1043 3634 Potyhist.
1076 3574 1079 3579 ·

293 3699 298 3707 ι
341 3694 345 3719 z
401 3718 405 3723 .
464 3661 599 3724 Literar.
619 3660 660 3724 1..
680 3657 705 3721 l.
727 3678 755 3719 c.
774 3657 835 3734 23.)

200 3790 429 3863 Buritanorum
441 3800 604 3865 hominum
621 3801 827 3884 strdtliginem
841 3792 1000 3883 eleganter
1014 3779 1156 3876 depinxit

141 3896 267 3961 Ulricus
283 3900 463 3978 H'utt'enns,
480 3907 589 3987 Eques
603 3901 831 3997 nobilissimus,
851 3902 885 3961 in
896 3900 1029 4007 Epistol.
1039 3894 1159 4007 obstat·

139 4018 207 4062 ror.
228 3998 388 4076 virorum3
395 4001 435 4066 ’11
452 4000 536 4066 enim
550 4016 645 4067 ver'us
651 4006 772 4066 'ea'rum
790 4010 899 4062 auctor
915 4010 974 4064 est.
1074 4006 1079 4017 '
1107 4002 1111 4013 ’
