2670 4628
895 244 961 277 st

150 361 219 443 21'8
351 368 354 374 ’
506 363 787 463 Epigrammata.

268 533 344 636 De.
363 537 496 669 bello
513 562 696 664 Veneto¹
717 557 768 630 ad
803 556 1032 630 Caesarem.

149 723 269 788 Bellum
287 725 399 806 ingens
419 722 535 797 oritur,
554 721 637 800 proh
655 719 797 794 numina,
816 717 945 781 materia
963 730 1034 798 apta
1054 730 1118 792 est,

223 826 326 903 (luam
344 823 402 883 sibi
420 824 561 884 desumat
582 818 744 901 quodlibet
762 819 933 901 ingenium.

150 923 282 1004 Magnas
302 922 388 1006 cogit
408 943 486 1002 opes
505 941 618 1000 magno
640 919 797 980 molimine
820 919 941 991 Gallus,

223 1024 290 1083 Nee
310 1022 441 1083 Venetis
462 1032 583 1100 sumpta
601 1031 649 1080 est
667 1021 769 1082 aerior
790 1022 836 1080 ira
854 1019 961 1099 prius.

151 1123 350 1202 Tranquillus
370 1124 487 1202 petitur
506 1119 630 1195 Caesar,
651 1121 792 1202 tantique
811 1130 934 1198 paratus

224 1221 323 1284 Unica
344 1223 533 1282 Germanum
553 1242 645 1280 causa
664 1223 698 1282 lit
715 1214 890 1301 imperium.

150 1322 212 1402 Spe
230 1343 343 1404 magna
361 1341 472 1402 gerere
492 1340 576 1381 arma
594 1321 700 1393 datiae,
721 1318 782 1397 jam
801 1330 832 1378 te
852 1316 957 1396 objice
978 1316 1101 1391 Caesar,

224 1424 292 1482 Hae
313 1433 346 1480 tu
366 1420 506 1480 cunctari
526 1421 585 1480 res'
597 1420 666 1480 tulit
684 1419 742 1480 ista
760 1430 861 1480 tenus.

149 1523 237 1585 Ultra
256 1520 361 1590 omnis
375 1519 523 1579 damnosa
540 1539 629 1580 mora
648 1531 713 1593 est,
731 1539 844 1600 magna
862 1518 959 1580 hostis
979 1517 1104 1590 aditur,

226 1620 288 1680 Sed
309 1641 377 1701 quae
398 1638 431 1678 se
451 1617 536 1680 vinei
555 1620 686 1681 sustinet
703 1619 750 1680 ira
768 1631 881 1681 tamen.

99 1773 101 1781 ,
151 1720 296 1800 Quorum
316 1732 484 1802 utrumque
504 1720 594 1782 armis
615 1720 830 1800 superavimus
851 1731 922 1780 ante
941 1738 1105 1791 seorsum,

225 1819 304 1900 Quis
324 1819 471 1900 prohibet
486 1818 615 1898 'junctos
635 1841 826 1902 exsuperare
845 1819 948 1882 duos?

591 1999 712 2014 ὴ

195 2117 326 2208 Quale
352 2119 404 2190 sit
427 2121 606 2235 nostium
632 2121 801 2210 foedus,
828 2121 877 2192 ad
903 2123 1125 2213 Caesarem.

151 2280 205 2342 llle
224 2279 304 2341 adeo
325 2301 448 2360 semper
466 2281 666 2343 Venetorum
687 2284 832 2364 cognitus
852 2283 967 2356 hostis,

226 2378 309 2442 Cum
328 2381 459 2441 Venetis
479 2383 604 2444 tandem
623 2384 742 2444 foedera
762 2385 868 2444 Gallus
888 2383 954 2443 init.
1060 2401 1063 2405 ·

150 2482 200 2544 Da
218 2480 376 2559 specimen
397 2481 553 2544 Germane
572 2484 766 2564 tui,.rumpe
787 2485 855 2544 ocia
875 2483 996 2559 Caesar,

227 2584 356 2665 Totque
374 2582 532 2644 lacessitus
552 2605 670 2663 prorue
690 2584 724 2645 in
743 2605 825 2645 arma
842 2584 955 2644 modis.

152 2683 261 2746 Omnis
280 2683 313 2743 in
331 2694 465 2745 eventus
483 2705 590 2746 rerum
608 2685 702 2745 Italus
722 2684 838 2766 arrigat
858 2704 967 2757 aures,

224 2783 369 2844 Mentem
387 2783 446 2844 illis
464 2784 587 2844 novitas
606 2782 728 2860 adjicit,
748 2783 794 2844 lris
814 2784 930 2844 adimit.

150 2882 320 2959 Expavere
339 2882 449 2963 aliqui,
470 2893 536 2941 tum
556 2883 644 2960 plebs
663 2883 773 2961 ignara
791 2882 913 2957 futuri,

226 2980 269 3041 Ut
288 2980 388 3058 possis
410 2981 482 3041 satis
495 2981 548 3042 'his
569 2981 689 3042 viribus
710 3002 795 3056 esse,
815 2983 913 3043 timet.

150 3080 200 3142 Ne
218 3078 333 3141 timidis
353 3076 457 3141 Caesar
477 3082 634 3158 concede,
654 3084 716 3144 hoo
732 3082 852 3144 foedere
875 3085 996 3145 Gallum
1056 3066 1058 3070 ¹

228 3177 393 3255 Crevisse‚
414 3193 511 3264 atque
529 3182 628 3264 igitur
647 3184 747 3246 robur
764 3186 880 3248 habere
900 3186 1027 3262 duplex.

151 3281 225 3344 Non
243 3291 278 3340 ut
297 3292 377 3341 amet
395 3283 554 3356 Venetos,
573 3295 609 3343 ut
625 3295 657 3345 te
678 3285 797 3359 oderit,
815 3285 899 3346 istud
919 3284 1008 3344 inivit

227 3380 362 3454 Foedus,
385 3391 417 3439 et
434 3382 496 3442 hoe
515 3382 653 3458 dubitas,
674 3396 829 3466 quatenus
849 3405 917 3445 esse
934 3366 1042 3466 queat.

216 3698 280 3769 De
305 3696 491 3770 foedere
518 3719 614 3768 eum
639 3697 776 3770 Gallis
800 3698 1084 3769 Venetorum.

152 3854 235 3918 Pace
254 3855 377 3919 inimica
395 3857 451 3917 diu
469 3857 603 3918 Venetis
623 3871 654 3920 et
671 3860 792 3920 foedere
811 3857 918 3933 juncta
937 3868 984 3918 est

229 3957 346 4032 Gallia,
366 3958 540 4037 degeneres
560 3966 675 4019 terreat
694 3962 755 4022 hoe
774 3957 902 4020 animos.
