2670 4628
630 577 690 641 Ad

198 684 422 756 Joanuem
450 691 493 752 et
517 681 828 754 Alexandrum
855 685 908 756 de
932 683 1127 791 Osthert²

289 820 336 860 ex
356 799 546 881 equestri
567 799 738 874 familia,
759 803 1042 867 adolescentes

383 899 933 982 studiosissimosEpistola.
1021 963 1024 974 ,

152 1134 236 1240 Ego
255 1178 415 1260 nunquam
429 1157 462 1218 iu
477 1155 587 1230 vobis,
609 1155 719 1235 optimi
736 1159 892 1220 Juvenes!
914 1181 1020 1242 neque
1039 1162 1166 1242 generis

154 1248 368 1331 antiquitatem
389 1248 557 1310 admiratus
579 1271 665 1322 sum,
698 1272 760 1330 qua
779 1250 852 1310 estis
874 1252 945 1311 satis
970 1265 1165 1330 praestarrtes3

154 1362 258 1448 neque
279 1341 417 1444 divitias,
441 1339 554 1424 quibus
572 1342 645 1403 estis
666 1343 894 1415 florentissimi3
916 1344 991 1417 sed,
1012 1347 1099 1426 quod
1118 1365 1167 1407 ra·

153 1435 273 1496 rissime
289 1434 322 1494 iu
339 1444 447 1495 nostro
465 1433 577 1495 ordine
595 1433 746 1514 contigit,
767 1432 798 1494 iu
816 1432 914 1515 bouas
933 1446 1013 1497 artes
1029 1424 1168 1501 studium

153 1525 351 1598 incredibile,
372 1536 402 1583 et
418 1523 545 1605 ingenia
560 1525 598 1585 ad
615 1527 676 1586 hoc
690 1547 784 1605 supra
800 1508 929 1589 modum
946 1525 1038 1590 acria.
1072 1528 1169 1608 Quod

156 1639 254 1700 quum
277 1617 351 1678 mihi
373 1615 435 1695 jam
458 1617 581 1697 pridem
604 1617 752 1687 iuvohis
777 1630 977 1697 perspectum
1003 1633 1101 1697 esset,
1137 1632 1169 1682 et

155 1731 217 1793 ego
246 1708 469 1788 jucundissima
503 1712 606 1769 vestra
630 1709 861 1770 cousuetudine
894 1710 974 1772 istuc
1000 1709 1171 1790 invitarer,

155 1802 242 1863 volui
261 1801 366 1882 alirpro
386 1799 508 1862 interea
524 1821 581 1859 vos
602 1801 725 1861 honore
741 1800 914 1885 prosequi,
935 1803 1042 1884 ‹proad
1061 1806 1171 1868 liceret

156 1893 245 1956 vobis
262 1913 319 1973 per
336 1913 394 1952 vos
416 1891 502 1971 ipsos
519 1890 608 1952 claris
627 1892 706 1953 ficri.
746 1894 920 1978 Quodego
936 1897 1048 1976 procul
1070 1896 1169 1959 dubio

153 1986 296 2047 futurum
319 2003 445 2044 seuseu.
485 1985 564 2045 Nam
586 2005 644 2045 vos
669 1981 817 2066 prolecto
837 1986 965 2073 exthqc
984 1987 1055 2049 albo
1077 1987 1169 2063 estis,

153 2078 186 2139 id
208 2090 271 2151 est,
293 2098 405 2136 eorum
425 2096 576 2151 numero,
590 2077 662 2165 qui
683 2073 742 2139 sibi
759 2077 887 2153 sarnam,
899 2074 940 2160 {et
955 2080 1050 2140 decus
1069 2080 1170 2143 uomi-

153 2170 201 2231 nis
235 2169 319 2249 apud
350 2167 567 2272 posteritatem
592 2189 775 2273 comparare
799 2181 941 2251 possunt.
994 2171 1086 2256 Unde
1114 2192 1170 2233 eos

153 2265 249 2343 longe
278 2281 333 2322 sua
357 2259 440 2320 fallet
476 2259 603 2341 opinio,-
642 2260 698 2343 qui
725 2283 782 2325 vos
816 2262 1010 2351 contemptui
1036 2264 1169 2343 habeut,

153 2367 339 2459 propterea,
363 2353 451 2435 quod
465 2375 531 2427 mc,
553 2348 679 2436 meique
698 2354 813 2416 similes
829 2352 1054 2416 studiosissime
1072 2367 1170 2416 sceta-

152 2447 239 2509 miui.
279 2448 363 2506 Dum
387 2445 470 2505 errim
494 2466 527 2504 sc
554 2447 593 2506 ad
620 2447 746 2518 altiora,
783 2445 866 2521 (ut
857 2445 916 2525 ipsi
942 2443 1042 2525 ajunt)
1069 2446 1171 2508 studia

153 2540 341 2607 conserunt
370 2556 407 2594 ea
425 2536 606 2616 negligunt,
637 2536 702 2595 sine
728 2536 842 2616 quihus
866 2536 998 2597 studiosi
1025 2558 1093 2597 esse
1105 2535 1170 2635 1uti·

153 2633 237 2695 nime
262 2638 404 2737 possunt.
454 2627 517 2687 Sed
545 2636 701 2688 venentur
729 2625 771 2686 illi
794 2647 852 2705 per
876 2648 978 2702 mare,
1010 2604 1170 2708 pisccriibr
1257 2610 1266 2630 '⁹

153 2746 237 2828 per
230 2726 265 2782 ai
262 2725 352 2793 '‚rcm
382 2719 532 2780 volent
508 2741 575 2781 sure
594 2716 726 2800 pennis;
758 2739 831 2793 vos,
857 2722 904 2797 (ut
928 2718 1090 2779 decretum
1110 2722 1170 2797 est)

152 2816 190 2877 iis
208 2813 307 2874 literis
326 2833 413 2890 oper
407 2833 455 2872 uu
478 2812 566 2886 (late,
595 2811 662 2873 siue
685 2810 799 2895 quibus
819 2811 894 2873 nihil
912 2811 1033 2892 percipi
1048 2825 1169 2892 potest,

153 2919 189 2966 ut
206 2905 353 2966 taudem
347 2928 378 2965 ut
398 2907 475 2968 Jure
494 2894 608 2979 Civili,
638 2916 669 2964 et
689 2900 859 2965 Pontificio
878 2906 931 2982 (eo
946 2924 1082 2994 namque
1102 2917 1169 2966 ten·

155 2999 258 3075 ditis)
280 2997 400 3069 edocti,
420 2993 512 3056 vobis
533 2998 764 3070 emolumento,
785 3007 816 3055 ct
834 2993 940 3076 patnae
954 3008 1048 3078 atque
1064 2996 1169 3057 amicis

154 3095 277 3157 honore
296 3110 364 3149 csse
381 3087 516 3166 possitis.
562 3090 635 3148 Hoc
659 3099 763 3148 autem
786 3086 922 3152 Carmen
945 3086 1169 3151 Scholasticum

131 3183 267 3262 'raptim
287 3185 334 3257 (ut
356 3178 521 3255 volebatis)
544 3200 561 3238 a
582 3200 631 3239 mc
651 3177 880 3257 compositum,
909 3198 949 3237 eo
969 3177 1072 3238 animo
1090 3179 1170 3243 acci-
1271 3248 1280 3267 .

155 3277 236 3357 pite,
269 3294 334 3354 quo
359 3293 420 3353 ego
439 3266 515 3331 illud
540 3266 660 3344 offert),
692 3282 722 3329 et
740 3267 879 3330 muueris
901 3267 1086 3347 parvitatem
1112 3268 1169 3330 ‹lo-
1245 3274 1278 3307 '¹‘

156 3365 256 3429 nantis
272 3362 494 3424 benevolentia
507 3361 688 3443 rependite!
714 3364 827 3440 Neque
845 3379 903 3438 per
922 3370 1041 3419 aetatem
1056 3360 1169 3422 erubui

157 3461 220 3522 haee
244 3458 282 3517 ad
306 3477 364 3515 vos
388 3456 543 3528 scribere3
578 3451 650 3514 estis
673 3463 808 3534 namque
836 3463 896 3512 tant
920 3447 996 3512 noui
1015 3452 1169 3528 lectores,

158 3570 251 3633 quam
281 3569 343 3629 ego
371 3547 483 3608 Poe'ta.
542 3547 672 3618 Valetc,
719 3552 751 3603 et
777 3543 971 3603 Trebellium
999 3543 1172 3608 Notianum

158 3655 297 3702 vestrum
324 3639 477 3718 optimum
496 3649 720 3716 praeceptorem
741 3646 855 3709 amate,
884 3655 999 3716 meque
1024 3637 1076 3694 vel
1102 3634 1170 3696 dili·

160 3733 238 3813 gitc!
273 3734 324 3794 Ex
347 3728 574 3811 Wittenburgo
598 3727 698 3806 pridie
722 3727 876 3788 Kalendas
895 3722 1053 3799 lanuarii,
1084 3747 1173 3788 novo

160 3825 287 3886 ineunte
324 3843 425 3899 anuo,
474 3832 546 3902 post
583 3819 778 3882 millesimum
813 3829 844 3878 et
887 3816 1172 3903 quingentesimum

160 3915 335 3978 undecimo.

517 4085 775 4109 -υφ--ι-ομψ

515 4193 525 4225 t
