2640 4634
143 415 213 485 288
457 406 498 478 ln
521 404 686 479 Laudem
708 404 846 479 Alberti

136 601 217 658 Laeti
236 600 339 655 animia
358 613 484 668 omnes,
514 598 698 670 summisque
717 601 872 654 favoribus
892 614 1010 657 ornnes.

142 695 266 750 Dixeris
284 694 366 746 hune
386 693 474 761 igitur
492 693 632 759 felicem,
660 693 805 764 igiturque
825 693 963 759 beatum,
1006 726 1009 730 -

145 787 236 860 Quod
253 795 330 840 tanta
349 785 463 840 invidiae
482 785 607 838 stimulis
626 786 744 840 fortuna
763 787 887 840 carebit.

144 879 255 936 Gratus
280 879 358 932 enim
375 879 496 946 multis,
526 879 578 932 sed
597 879 731 934 amabilis
753 881 893 934 omnibus
913 880 966 934 ibit

143 973 224 1026 Istud
245 973 273 1025 in
292 972 469 1042 imperium,
499 968 523 1025 si
542 971 613 1050 quiq
627 986 660 1025 se
679 972 826 1041 objecerit
844 974 933 1027 armis
942 1012 955 1040 a,

142 1063 261 1119 Sedabit
277 1081 339 1119 non
357 1080 438 1118 arma
457 1079 583 1133 gerens,
611 1065 767 1118 clementia
785 1065 898 1119 bellum

141 1157 288 1213 Destruet
306 1174 397 1211 omne
416 1155 491 1224 viri,
518 1157 583 1228 quis
603 1157 681 1210 enim
701 1173 763 1211 non
782 1158 890 1212 laedere
910 1162 1028 1227 certus,

141 1250 180 1306 Et
193 1251 256 1319 jam
275 1252 384 1319 grande
407 1253 491 1305 nefas
513 1249 637 1321 sumptis
655 1251 777 1304 molitus
796 1253 825 1305 in
844 1252 951 1319 armis,

142 1346 210 1402 Hoc
227 1345 292 1398 viso
312 1344 421 1398 lenitus
440 1343 514 1410 erit,
541 1353 692 1414 ponetque
711 1343 871 1400 furorem?

141 1437 246 1492 Macte
265 1454 341 1508 puer
359 1436 466 1490 virtute
485 1446 578 1504 togae,
605 1434 747 1508 pacisque
767 1437 906 1490 reductas.

143 1529 196 1584 Ille
220 1538 318 1583 autem
336 1529 432 1583 media
450 1529 499 1599 qui
520 1544 552 1583 se
573 1528 778 1600 intranquillus
798 1545 887 1583 arena

142 1621 212 1675 dam
232 1639 307 1692 puer
325 1630 466 1688 exercet,
494 1623 648 1692 ferturque
671 1621 702 1682 in
721 1619 885 1676 harundine
905 1636 1060 1695 praeceps,

144 1714 241 1770 Obvia
261 1731 388 1786 quaeque
404 1724 509 1786 petens
528 1714 646 1781 anime,
677 1716 864 1785 aequalesque
882 1716 1021 1784 lacessit,

142 1807 252 1863 Fronte
271 1809 392 1875 minax,
421 1807 518 1862 oculis
539 1808 663 1874 ardens,
690 1804 738 1860 cui
755 1802 867 1860 inultus
888 1808 917 1861 in
937 1825 992 1862 ore

143 1901 222 1956 vivit
240 1917 331 1971 avus,
350 1901 455 1970 juveni
475 1902 696 1973 quamprimum
716 1901 800 1953 irena
822 1898 953 1954 remittet

143 1998 235 2049 Aucta
252 2003 350 2064 pater,
379 1993 552 2064 dederitque
571 2008 626 2047 suo
641 1993 704 2061 jam
722 1993 825 2046 vivere
849 1994 950 2048 ductu.
1037 2020 1044 2031 -

144 2085 229 2142 Felix
250 2088 336 2158 prole
354 2095 421 2154 tua,
450 2086 525 2140 felix
543 2085 706 2143 Germania
722 2095 821 2140 tantos

144 2181 260 2235 Rerum
277 2187 363 2234 nacta
386 2180 495 2247 duces,
526 2196 618 2233 nemo
634 2180 696 2232 hoc
716 2175 886 2232 instructius
905 2177 959 2231 ibit

144 2272 246 2326 Hostis
267 2271 295 2325 in
316 2289 495 2340 occursum,
522 2271 645 2342 quodsi
663 2270 718 2324 tibi
738 2271 850 2341 proelia
874 2287 989 2338 curae,
1049 2276 1053 2281 '

143 2366 292 2438 Aequabit
310 2366 473 2420 Casimirus
492 2380 603 2430 avum,
628 2381 685 2417 nee
703 2365 789 2417 laude
807 2362 927 2419 minori·
947 2388 950 2393 ·

145 2461 250 2513 Induet
269 2459 448 2526 Albanum,
477 2457 576 2512 solum
596 2456 767 2512 Germanus
787 2453 907 2511 amabit.

146 2553 248 2607 Solum
266 2553 370 2606 hostes
389 2559 542 2617 metuent,
573 2566 632 2622 quo
656 2567 718 2604 non
737 2551 864 2604 feliciter
883 2549 947 2611 exis

144 2646 227 2700 Illius
248 2644 412 2715 auspiciis?
442 2660 507 2714 quae
525 2658 586 2696 non
603 2642 655 2696 tibi
675 2658 820 2713 prospera
844 2645 968 2710 cedent,

144 2738 273 2807 Aspice,
302 2747 333 2790 ut
351 2736 529 2790 indomitum
542 2737 606 2805 jam
624 2748 703 2788 nunc
724 2746 811 2805 eaput
829 2735 1097 2808 obiicit‚'omnes
1143 2724 1146 2729 ⁴
1188 2776 1191 2781 ·

145 2830 242 2884 Fortis
263 2830 290 2881 in
310 2838 449 2895 eventus,
480 2837 598 2882 crescet
616 2825 822 2881 crescentibus
843 2825 924 2880 annis

144 2922 198 2976 Vis
217 2919 323 2987 animi,
350 2921 466 2974 nativus
484 2922 607 2988 honos,
638 2928 723 2989 atque
745 2919 830 2973 insita
850 2922 956 2976 vimis.

144 3013 267 3068 Excibit
285 3012 398 3067 resides
418 3014 553 3079 animos,
579 3012 759 3081 desuetaque
779 3013 861 3066 bello

144 3106 275 3162 Pectora
293 3106 322 3160 in
342 3123 422 3160 arma
442 3107 553 3173 trahet,
573 3102 731 3176 pugnabit,
762 3115 789 3159 et
808 3106 868 3160 otia
885 3110 1027 3178 rumpet,

144 3200 288 3255 Proferet
306 3198 486 3270 imperium,
515 3208 543 3251 et
561 3198 585 3252 si
603 3208 635 3250 tu
653 3198 844 3253 commiseris
864 3199 916 3255 nni

145 3292 224 3346 Rem
242 3300 356 3360 totam,
379 3292 495 3360 malora
514 3289 565 3344 tibi
584 3307 646 3344 non
664 3291 790 3358 gesserit
808 3292 893 3346 alter.-

145 3384 309 3439 Hereuleas
328 3383 454 3438 transire
473 3383 556 3451 vias,
586 3382 760 3455 bacchique
781 3399 952 3457 supremam

146 3476 201 3530 Hie
220 3477 330 3546 poterit
344 3485 475 3529 metam.
506 3488 535 3528 et
551 3474 716 3530 Maeedum
735 3494 875 3548 superare
894 3479 1033 3547 labores,

145 3568 285 3623 Perferet
305 3568 456 3622 Aedonias
472 3568 607 3636 hiemes,
635 3569 797 3642 boreaeque
820 3571 992 3624 frementeis

148 3663 327 3718 Contemnet
350 3660 451 3730 flatus,
478 3663 603 3731 gelidam
623 3660 750 3718 calcabit
764 3660 939 3734 'Hybernem

146 3756 272 3827 Spernat
290 3752 520 3824 Hyberboream
538 3756 685 3824 glaciem,
701 3756 837 3826 'Riphaea
861 3752 959 3808 ruenti

79 3870 83 3878 ·
145 3849 268 3918 Frigora
291 3863 353 3902 non
372 3848 512 3902 oberunt.
550 3849 631 3902 Haud
653 3849 709 3902 ulla
728 3849 765 3903 ita
784 3849 898 3925 fervida
914 3847 1004 3900 tellus

147 3944 248 4014 Syrius
266 3941 384 3995 aestivos
404 3940 455 3994 ubi
475 3940 582 3993 ferror
598 3941 743 3996 adusserit
761 3953 866 4009 agros,

146 4035 274 4105 nmina·
290 4034 414 4088 ducenti
429 4032 596 4102 obstiterit,
628 4050 690 4088 non
708 4035 812 4088 Africa
828 4032 940 4104 syrtis,
