2670 4628
512 371 793 469 Epigrammata.
951 428 957 441 ,
1088 384 1159 455 253

152 575 305 655 Quotque
331 569 365 630 in
391 566 476 630 Atho
502 565 645 644 lepores,
674 575 754 646 quot
772 563 806 625 in
826 564 887 625 alto
909 567 1036 648 gurgite
1055 571 1157 650 pisces

230 674 318 751 Quot
337 669 443 748 patula
463 666 608 727 volucres
628 685 703 725 aura
722 663 896 725 animantur
916 685 1006 740 aves,

153 774 229 835 Non
246 771 327 830 bene
353 767 424 849 quis
443 777 603 840 numerat,
632 765 689 825 sed
707 784 767 824 nec
785 785 950 828 numerare
969 765 1112 844 facultas,

218 867 347 947 [Coritii
367 886 477 928 versus
498 877 578 949 quot
596 865 677 928 serat
695 884 749 924 ara
765 866 872 943 patris.

598 1044 738 1060 m

177 1180 352 1279 Ejusdem
374 1182 421 1253 ad
443 1180 705 1255 Columnenses
726 1175 913 1251 Romanos
930 1171 1146 1283 Episco'pos.

153 1341 207 1405 Dii
227 1341 332 1403 medio
352 1342 386 1404 in
406 1343 500 1404 Latio
521 1341 652 1403 solidam
672 1360 810 1420 posuere
830 1341 1020 1420 columnam,

231 1445 302 1522 Qua
321 1440 411 1505 Jovis
430 1441 589 1504 interdum
608 1441 691 1502 sessa
710 1428 850 1524 quiescat
868 1441 945 1504 avis.

155 1543 277 1605 Bellum
297 1555 379 1618 erat,
407 1542 550 1604 exierant
573 1542 670 1618 Galli,
701 1542 909 1623 exierantque
929 1545 1076 1622 LeoneS,
1174 1532 1177 1539 ยน

230 1644 375 1704 Thuseus
411 1642 445 1702 in
464 1645 615 1722 Euganea
637 1641 756 1722 quique
784 1642 898 1720 palude
925 1644 1016 1722 regit.

154 1743 269 1805 Fessus
290 1741 334 1804 ibi
361 1740 486 1824 quoties
505 1740 650 1824 requiem
673 1740 732 1801 sibi
756 1752 903 1819 posceret
921 1743 1015 1818 Ales,

230 1841 366 1904 Fulcivit
387 1853 489 1924 gratas
508 1841 558 1902 illa
577 1843 721 1902 columna
739 1839 835 1902 vices.

155 1943 189 2005 Si
207 1963 351 2004 numeres
370 1963 486 2016 annos,
515 1942 620 2002 medio
640 1941 666 2002 si
685 1941 719 2002 in
739 1941 844 2001 Marte
862 1940 1003 2017 labores,

231 2044 320 2103 Hane
337 2044 452 2103 molem
470 2041 542 2102 belli
561 2041 744 2103 sustinuisse
763 2053 868 2120 putes.

156 2142 241 2205 Vive
261 2145 404 2204 columna
426 2143 502 2217 diu,
536 2143 688 2224 nulloque
709 2141 861 2204 intercide
880 2145 985 2222 lapsu,

233 2245 309 2323 Que
328 2243 406 2306 colis
425 2242 593 2324 imperium
617 2244 701 2320 sola,
730 2255 883 2326 renesque
908 2243 1015 2312 fidem,
