2640 4634
566 323 666 421 Eleg.
692 324 738 396 X.

149 518 238 594 Quod
257 517 329 570 fecit
346 519 450 587 nobis,
477 521 589 573 faceret
607 535 726 588 quoque
745 518 871 573 Loesius
890 521 962 588 illis,

214 612 269 665 Cui
288 612 416 665 studium
435 621 479 665 est
496 611 595 664 multis
615 627 704 680 posse
723 629 834 665 nocere
856 613 951 671 simul.

61 722 64 729 ·
145 706 208 758 los
227 721 300 772 ego,
331 704 507 759 Teutonicae
525 704 679 760 verissima
697 705 806 759 lumina
823 707 934 773 gentis,

212 795 340 868 Quando
360 796 396 849 ita
413 813 445 849 se
464 812 597 866 praesens
616 795 724 850 obtulit
741 799 834 864 hora,
864 815 989 867 precor:

144 890 232 954 Non,
261 898 295 941 ut
311 906 366 958 pro
387 889 475 942 nobis
496 890 651 959 quisquam
669 891 745 942 mala
764 892 892 944 carmina
912 893 1000 959 faxit,

211 982 245 1034 In
263 998 340 1034 nova
360 982 408 1034 vel
426 981 525 1034 subito
545 982 622 1035 bella
643 982 745 1035 furore
764 993 848 1055 ruat,

144 1076 199 1129 Sed
218 1076 315 1127 dolcat
332 1083 470 1139 nostros,
500 1069 827 1141 communia‘vulnera,
856 1068 959 1142 casus,
992 1060 993 1063 Ἴ

209 1170 306 1237 Atque
326 1168 422 1220 animo
442 1167 559 1221 tandem
576 1168 641 1220 haec
660 1167 805 1237 penitiore
824 1170 933 1235 trahat,

143 1261 229 1314 Neve
247 1277 316 1313 meo
336 1261 412 1314 dicat
431 1276 520 1314 versu
539 1259 715 1329 petulantius
738 1277 841 1327 usum,

209 1354 292 1406 Dum
311 1371 423 1423 queror
442 1355 572 1408 offensas
591 1353 766 1422 insinuoque
785 1369 887 1407 novas

144 1447 171 1499 si
190 1463 249 1498 non
270 1462 308 1498 ex
326 1445 454 1511 merito,
487 1445 591 1498 sinon
610 1447 794 1516 qucrimonia
810 1447 888 1514 justa
910 1455 973 1514 est,

207 1538 313 1591 Sinon
334 1538 436 1605 insigni
456 1555 550 1605 cogor
571 1537 606 1590 ab
627 1539 810 1609 opprobrie,

143 1630 262 1682 Judicet
280 1630 326 1682 ille
345 1648 462 1696 meam,
494 1631 541 1698 qui
557 1631 670 1699 judicat
689 1632 805 1698 omnia,
833 1648 968 1697 causam,

208 1722 246 1776 Et
264 1724 322 1777 sint
339 1724 404 1776 haec
423 1722 525 1776 animae
544 1722 641 1774 debita
656 1723 724 1791 jura
743 1741 826 1776 meac.

143 1815 268 1868 Tentavi
286 1816 366 1875 hunc
386 1813 544 1886 precibus,
575 1815 681 1868 tentavi
699 1815 866 1868 hortatibus
885 1816 1020 1880 hostem,

208 1908 319 1962 Littera
339 1909 373 1961 ad
392 1908 472 1960 hunc
491 1915 586 1960 exstat
605 1908 734 1979 supplice
752 1909 861 1978 scripta
880 1924 978 1962 manu.

143 1999 199 2052 Sed
219 2000 290 2052 nihil
309 2000 421 2067 efficio,
446 2014 591 2079 nusquam
609 2001 689 2054 hunc
709 2002 891 2070 compellere
911 2013 1049 2070 possum,

210 2091 278 2160 lpse
298 2109 364 2146 suas
384 2094 412 2145 in
429 2109 485 2145 nos
505 2093 624 2165 insuper
644 2102 728 2160 auget
747 2108 834 2160 acus,

142 2183 209 2253 lpse
228 2185 321 2238 minas
336 2186 442 2254 jactat,
471 2184 541 2237 furit
559 2194 587 2238 et
605 2186 740 2240 convicia
758 2187 844 2253 dicit,

206 2276 335 2347 Jamque
353 2268 466 2331 novum
486 2277 598 2331 bellum
619 2281 738 2332 nunciat
756 2280 802 2332 ille
821 2279 892 2333 mihi
902 2299 912 2346 ;

141 2370 393 2449 Persequiturque
412 2386 517 2436 meos,
546 2372 569 2424 si
588 2389 676 2440 quem
695 2372 909 2442 deprehendit,
936 2370 1066 2435 amicos,

209 2456 391 2532 Insidiasqutl
409 2463 479 2515 mihi
498 2463 628 2532 qualibet
646 2475 707 2518 arte
725 2473 816 2535 parat.

101 2543 104 2549 ⁶
144 2554 214 2608 Non
239 2555 435 2624 querarhaec
463 2555 567 2621 igitur,
603 2557 651 2624 qui
671 2557 851 2624 sicquoque
876 2555 983 2607 laedere
1002 2553 1147 2623 possem?

208 2651 254 2699 An
277 2648 409 2699 nondum
428 2646 549 2700 offensis
567 2647 672 2701 sufficit
691 2649 738 2700 illc
757 2648 842 2700 suis?

142 2738 281 2807 Vestrum
300 2738 402 2809 aliquis
416 2741 479 2808 jam
501 2748 580 2792 tutus
600 2741 673 2807 agit,
702 2740 867 2810 fruiturqur
886 2737 1001 2808 quiete,

207 2834 274 2887 Nec
292 2835 375 2888 timet
390 2834 515 2892 hostiles
534 2832 625 2887 tutior
644 2832 777 2899 insidias,

140 2925 180 2980 Et
196 2927 368 2996 tranquillus
387 2944 493 2996 agens,
524 2906 658 2997 requiem
677 2935 757 2997 putat
775 2923 914 2978 omnibus
936 2922 1035 2990 illam,

209 3019 283 3090 Quae
301 3018 357 3071 sibi
376 3035 481 3072 secura
499 3020 620 3086 contigit
639 3018 667 3070 in
685 3017 786 3087 patria.

142 3109 285 3182 Quisquis
305 3108 356 3162 hic
375 3118 435 3176 est,
464 3109 569 3162 melius
587 3127 643 3179 pro
664 3125 751 3162 causa
771 3109 905 3162 consulat
924 3107 988 3171 illa,

207 3201 427 3269 Fortunamque
445 3201 525 3266 gravi
544 3209 648 3270 penset
666 3209 821 3268 utramque
840 3199 955 3261 anime,

139 3297 208 3365 Ipse
229 3293 308 3362 quod
328 3292 356 3344 in
374 3293 465 3363 patria
484 3301 545 3359 est,
577 3301 605 3345 et
623 3290 836 3344 consuetudine
854 3289 945 3340 multa

206 3386 363 3456 Nusquam
382 3386 570 3439 inconsuetas
589 3382 680 3438 sensit
701 3380 809 3434 obesse
827 3380 920 3433 vices.

138 3481 205 3536 Nos
225 3496 348 3549 peregre
362 3479 439 3548 juvit
456 3477 554 3531 varios
573 3490 760 3545 cognoscere
783 3487 901 3546 mores,

205 3572 276 3625 Non
297 3572 368 3624 citra
388 3570 558 3637 arbitrium,
588 3570 677 3623 docte
696 3565 799 3634 Tyaue
818 3565 865 3634 *),
895 3572 989 3617 tuum.

139 3664 281 3734 Dumque
299 3665 369 3717 hinc
388 3665 454 3717 inde
472 3664 555 3716 leves
576 3663 707 3731 agimur,
736 3661 877 3731 varieque
896 3673 1053 3726 vagamur,

208 3757 351 3810 Occurrit
367 3756 455 3811 variis
473 3756 577 3823 vulgus
597 3755 625 3807 iu
646 3751 778 3820 ingeniis.
811 3747 815 3756 ’

176 3945 197 3988 *l
216 3946 232 3987 l.
253 3946 294 3990 U.:
328 3946 425 3991 Thiara.
