2640 4634
178 219 186 249 3

143 381 186 448 60
516 373 661 462 Querel.
686 374 707 444 l.
742 373 784 447 Π.

143 567 205 626 Ore
225 567 324 627 eibum
342 568 411 638 petii
430 567 598 638 peregrinas
616 585 727 637 pauper
746 568 779 620 ad
798 568 891 633 aerim,

209 661 276 714 Nec
295 661 396 730 puduit
413 662 504 715 luteas
524 661 684 713 sollicitare
704 675 785 711 casas
795 678 805 726 3

143 753 218 809 Ante
239 753 321 806 fores
340 770 480 805 somnum
497 754 590 819 gelida
609 753 665 807 sub
685 760 775 807 noete
798 751 903 820 petivi,

210 845 268 904 Vix
288 863 354 898 raro
374 847 476 898 surdas
493 846 595 913 jussus
615 845 687 897 inire
707 844 824 896 domos.

142 936 246 1003 Rebus
268 954 375 1004 egene,
395 953 576 1007 pressusque
594 937 673 1003 gravi
692 936 784 988 miser
802 936 900 989 omnia
921 936 1015 1002 febri,

211 1030 298 1083 Paene
319 1031 419 1082 eadem
437 1031 502 1082 vitae
521 1046 592 1082 eura
610 1028 751 1097 necisque
774 1029 836 1080 fuit.

142 1121 234 1176 More
251 1122 332 1178 viros
351 1131 454 1174 nostro
475 1122 639 1190 potuissem
657 1137 790 1189 quaerere
809 1121 913 1173 doctos
924 1161 932 1188 ‚

212 1213 345 1282 impediit
367 1224 492 1282 coeptam
510 1213 601 1282 pestis
621 1230 720 1268 amara
736 1213 832 1280 viamj

141 1303 181 1363 Et
198 1306 314 1374 quoties
333 1306 433 1373 volui,
453 1306 540 1358 toties
559 1306 650 1372 magis
670 1305 716 1358 illa
736 1305 870 1372 furebat,

209 1403 258 1455 Ne
278 1400 356 1469 foret
373 1399 431 1452 hac
448 1415 505 1450 una
524 1414 575 1466 spe
593 1398 664 1451 mihi
685 1408 764 1451 certa
784 1399 873 1452 salue.

144 1489 214 1541 Sum
232 1500 329 1542 tamen
347 1490 417 1543 hine
433 1492 551 1547 tandem
569 1490 769 1544 Pomeranam
789 1500 907 1561 ereptus
927 1492 961 1544 ad
978 1490 1101 1556 urbem,

213 1581 286 1654 Quae
305 1582 402 1650 prisea
420 1583 559 1650 indigenae
577 1583 697 1636 nomine
719 1583 851 1652 Gryphis
870 1583 901 1650 ¹⁶)
918 1570 1018 1637 liabet.

144 1661 253 1728 Passus
273 1692 353 1729 eram
372 1675 492 1741 leviter,
515 1676 568 1728 sed
586 1684 674 1742 tunc,
694 1677 829 1743 graviora
848 1676 990 1743 ferenda,

212 1767 312 1835 incepi
331 1768 439 1821 veteris
458 1768 575 1820 nescius
596 1783 661 1820 esse
682 1769 761 1821 mali.

143 1858 268 1915 Loesius
287 1860 334 1912 his
352 1869 456 1926 natus,
476 1875 544 1912 cum
563 1868 644 1929 patre
663 1861 793 1913 nefarius
813 1868 934 1927 auctor,

211 1951 336 2005 Loesius
357 1952 467 2005 Aetnaei
486 1953 594 2007 saevior
612 1953 708 2006 imbre
727 1954 794 2006 freti
804 1972 814 2021 3

145 2040 244 2114 Quem
262 2051 347 2112 potes
367 2060 394 2098 et
412 2044 535 2111 tigribus
555 2045 708 2114 torvisque
727 2055 843 2115 aequare·
864 2045 1014 2111 colubris,

193 2144 196 2149 '
213 2134 312 2207 Quem
331 2151 436 2204 posses
453 2136 582 2206 Libycas
603 2138 771 2191 antelocare
789 2140 866 2206 lens,

145 2226 199 2280 Cui
217 2228 289 2280 nihil
307 2228 468 2281 humanum
488 2239 548 2295 est,
568 2230 615 2283 eui
634 2246 744 2283 saevum
763 2247 915 2283 marmore
933 2240 1049 2301 peetus,

213 2319 266 2370 Cui
286 2321 359 2387 riget
377 2321 471 2375 innata
490 2322 586 2375 debile
609 2340 683 2393 rupe
702 2333 798 2393 eaput.

144 2408 278 2471 Primum
298 2423 359 2465 erat
377 2413 424 2466 ille
442 2414 513 2467 mihi
532 2415 664 2468 simulata
684 2415 781 2474 fronte
802 2415 963 2483 benignus,

211 2504 250 2556 Ut
269 2516 388 2574 caperet
407 2506 501 2560 tacitis
520 2507 639 2559 credula
659 2508 750 2560 eorda
769 2508 844 2560 dolis
855 2549 863 2574 ‚

144 2597 346 2667 Hospitioque.
360 2616 427 2654 suas
446 2601 635 2670 peregrinum
654 2600 768 2668 accepit
787 2601 814 2652 in
834 2602 926 2666 ades,

211 2690 267 2757 Et,
285 2709 348 2760 quae
368 2708 538 2761 sperarem,
556 2693 648 2746 multa
667 2694 786 2746 daturus
806 2702 877 2746 erat.

143 2781 297 2846 Promissa
318 2785 455 2856 capiebar
474 2802 548 2854 ope,
568 2785 726 2851 instigabar
750 2803 870 2851 amore,

214 2874 311 2946 Quem
330 2877 426 2942 gravis
445 2877 473 2928 in
492 2877 574 2928 vultu
594 2879 720 2945 praetulit
738 2878 784 2929 ille
804 2893 870 2931 suo.

143 2965 287 3023 Nondum
307 2976 405 3020 certus
426 2985 505 3020 eram
527 2970 610 3020 famae
622 3009 630 3034 ,
650 2971 849 3038 exemploque
868 2968 997 3037 peritae,
1032 2998 1037 3010 ·

211 3059 296 3126 Nee,
316 3062 364 3129 qui
383 3077 430 3113 me
450 3061 503 3113 fida
522 3072 620 3115 mente
638 3071 792 3127 moneret,
816 3069 886 3114 erat.

143 3153 285 3206 Assuetas
307 3154 393 3221 igitur
411 3155 547 3223 paulatim
567 3156 718 3208 intendere
738 3154 856 3206 fraudes

212 3245 309 3314 Coepit
328 3238 425 3299 ethes
443 3247 573 3315 primum
592 3246 793 3301 dissimulabat
813 3261 894 3304 acus.

142 3336 260 3390 Deinde
278 3338 350 3390 nihil
370 3339 510 3392 simulans
529 3356 613 3408 spem
632 3320 829 3391 frustrabatur
848 3339 982 3402 inanem,

210 3429 279 3482 Jam
297 3430 368 3482 nihil
394 3433 531 3485 occultos
551 3447 639 3484 ausus
660 3431 732 3483 inire
752 3431 849 3483 dolos·

144 3521 172 3573 Si
191 3523 260 3591 quid
280 3534 360 3591 erat,
380 3543 439 3594 quo
458 3543 506 3578 me
525 3537 646 3596 posset,
666 3523 747 3575 velut
766 3531 830 3574 ante
842 3562 851 3585 ,
865 3524 988 3589 juvare,

210 3614 360 3669 Abstinuit
377 3617 472 3685 palam
494 3618 703 3671 commoditate
722 3632 798 3668 mea.

141 3704 302 3760 Difficilem
321 3725 496 3775 accessum,
518 3726 722 3780 responsaque
741 3709 812 3759 dura
832 3705 982 3767 ferebam,

211 3799 338 3852 Sustinui
355 3801 458 3854 tumidi
476 3801 561 3868 jussa
580 3803 708 3872 superba
726 3800 800 3865 viri,

147 3914 310 3930 μ’·

170 3976 195 4039 1)
214 3980 355 4025 Greifswald
385 3981 430 4026 soll
458 3992 506 4026 von
535 3981 600 4026 einer
623 3981 717 4027 Faniilie
747 3983 834 4034 ertpes
861 3980 905 4022 deu
933 3978 1020 4021 Numen
1042 3973 1150 4028 erlialieu

209 4065 293 4110 haben.
