2640 4634
550 60 573 123 ἑ.

183 444 192 482 ,
228 380 293 450 uu
350 375 474 446 uach.
496 368 647 443 vanam
671 368 717 438 aa
740 364 906 440 eouma.
928 334 1101 463 apruna

222 566 392 650 prehendi,
413 564 563 646 visusque
586 575 632 623 est
654 560 809 640 relegenti
828 558 902 620 mihi
921 560 992 618 luce
1013 569 1045 618 et
1063 558 1231 618 multorum

222 668 357 730 lectione
373 667 497 747 diguus.
534 667 576 725 Et
592 662 724 724 subinde
744 661 826 739 apud
842 659 1072 737 Hieronymum
1091 669 1234 718 nostrum

223 789 258 828 ac
278 767 513 847 Syngremium,
542 762 816 845 Chalcograpltos,
842 759 911 839 ejus
930 759 1113 841 iuvtdgandi
1136 779 1234 837 opera

221 878 385 946 suscepta,
421 866 477 946 qui
503 865 584 943 typis
615 863 679 923 suis
702 861 903 923 exactissimis
929 861 977 920 rei
1003 859 1157 920 litterariae
1187 859 1236 921 his
1283 858 1286 862 ’

222 961 309 1029 aratris
346 965 487 1027 nonnihil
516 962 576 1026 visi
607 976 679 1025 suut
706 963 886 1043 profuisse3
925 972 957 1021 et
984 963 1088 1033 huuc,
1126 963 1236 1036 eredo,

222 1068 359 1129 libellum
388 1064 654 1126 emunctissimum
684 1065 799 1137 edent,
837 1075 893 1124 tuo
924 1084 1003 1124 vero
1031 1062 1159 1123 nomine
1188 1063 1237 1124 in-

222 1166 390 1249 signitum,
424 1165 545 1246 Georgi
571 1163 851 1237 Vieecancellarie‚
885 1163 974 1244 quod
1001 1174 1033 1222 et
1060 1165 1238 1225 Huttenum

220 1278 383 1339 nostrum,
419 1265 493 1326 dum
521 1265 646 1336 adorat,
676 1267 771 1326 multa
794 1264 1002 1338 humanitate,
1030 1275 1061 1324 et
1087 1264 1238 1345 singulari

220 1365 457 1438 benevolentia,
481 1373 516 1424 ut
540 1365 687 1436 decebat,
707 1365 967 1445 prosequebaris,
988 1377 1019 1424 et
1036 1367 1237 1444 Imperatoris

221 1465 429 1528 Maximiliani
451 1464 594 1524 victrices
611 1463 744 1544 aquilas,
764 1465 965 1545 animumque
984 1464 1136 1526 invictum
1153 1467 1238 1529 etin

222 1567 363 1629 eruditos
400 1585 508 1625 omnes
537 1563 752 1625 incredibilem
784 1565 1028 1645 benignitatem,
1067 1567 1237 1642 decantari,

222 1681 271 1743 et,
292 1679 327 1727 ut
346 1665 459 1753 merito
479 1668 532 1740 fit,
553 1666 779 1741 commendari,
811 1666 1018 1747 gratissimum
1037 1666 1094 1728 tibi
1113 1688 1238 1748 semper

220 1766 282 1830 fuit
300 1767 348 1843 ⁷³³),
383 1766 647 1848 quemadmodum
671 1776 718 1825 est
746 1776 778 1826 et
803 1765 897 1840 mihi,
933 1778 964 1825 et
991 1768 1104 1828 ceteris
1131 1767 1238 1844 bonis,

185 1911 188 1915 -
223 1865 280 1950 qui
304 1863 417 1946 justam
444 1887 567 1928 causam
596 1878 729 1927 externo
758 1866 862 1928 favori
889 1878 1095 1954 anteponunt.
1145 1871 1238 1945 Vale,

222 1978 254 2027 et
278 1976 384 2027 tecum
413 1967 533 2048 cogita,
566 1967 644 2048 quid
676 1966 839 2027 Germanis
870 1967 910 2026 de
940 1968 1082 2029 Hutteno
1110 1990 1239 2048 sperare

218 2065 329 2139 liceat,
356 2066 412 2147 qui
428 2067 492 2127 haec
512 2078 542 2126 et
565 2066 639 2139 alia,
666 2066 809 2127 nondum
831 2065 1014 2153 vicesimum
1027 2069 1075 2144 aa)
1091 2088 1238 2150 egressus

223 2187 339 2227 annum
363 2165 540 2227 meditetur.
578 2164 711 2225 Viennae
736 2166 925 2241 Pannoniae,
955 2166 1057 2246 pridie
1077 2168 1153 2230 Idus
1169 2172 1238 2248 aas)

140 2276 142 2281 '
218 2264 396 2355 Januarias.
434 2265 530 2327 Amto
550 2264 696 2326 MDXII.

222 2399 388 2417 *-

275 2485 298 2536 t)
316 2488 410 2532 Fuerit.
430 2489 455 2533 B.

250 2580 297 2627 ”l
314 2582 436 2639 Quartum
454 2579 487 2624 ist
506 2578 673 2645 ausgelasseu,
700 2582 758 2628 oder
775 2583 871 2627 Vadian
898 2576 955 2626 lrrte
982 2579 1031 2625 sich
1061 2578 1127 2626 auch.
1163 2580 1195 2625 Μ.
1213 2590 1237 2624 v.

310 2664 413 2707 Barata.
437 2676 457 2707 a.
477 2676 497 2708 a.
516 2664 544 2709 0.

244 2746 300 2812 tlt)
319 2753 346 2797 ln
364 2755 406 2798 der
427 2756 498 2811 Ausg.
514 2767 562 2800 von
583 2754 643 2801 1⁵19
663 2757 747 2814 steht,
775 2758 827 2804 talos
842 2757 926 2803 audeus
944 2757 1113 2816 aussedrttckt,
1143 2756 1165 2802 ll
1182 2757 1236 2802 ldus

310 2836 440 2882 Jauunrlas.
