2640 4634
504 368 603 465 Eleg.
631 369 686 441 tv.

141 562 235 616 Totas
254 562 307 615 iste
326 572 393 616 tuas
410 561 519 614 meruit
536 578 591 632 pro
611 569 747 632 tempore
766 565 863 631 vires,

208 656 265 708 Iste
286 655 380 722 feret,
410 655 434 708 si
455 654 524 724 quid
543 671 663 706 carmen
684 656 809 709 honoris
827 657 927 711 habet.

140 748 167 804 O
186 748 304 802 facilem
324 749 429 819 pietate
449 749 567 814 virum,
597 748 637 800 nil
655 757 754 800 mente
773 750 954 821 superbum,

206 841 233 895 Ο
254 856 373 910 semper
391 842 467 895 laudi
487 841 578 893 corda
595 857 699 894 severa
718 844 798 894 suae!
827 826 831 833 ’

139 934 185 987 Te
203 950 288 985 meus
308 934 448 1000 offendit,
480 932 622 1002 quoniam
643 933 671 985 in
691 950 738 985 me
756 933 883 988 Lossius
904 936 1001 1004 ardet,

207 1026 257 1078 Tu
275 1025 404 1094 primum
425 1042 570 1079 aerumnas
590 1026 803 1079 commiserare
825 1043 917 1080 meas.

139 1120 237 1184 Aeger
260 1135 358 1184 eram,
388 1119 586 1187 dederamque
613 1118 694 1185 gravi
718 1118 853 1171 membra
879 1137 954 1187 aegra
978 1121 1120 1190 grabato,
1144 1125 1148 1132 '

207 1208 256 1262 Tu
274 1210 368 1279 petis,
397 1210 455 1263 ah!
484 1209 596 1262 morbo
618 1209 737 1263 sordida
757 1219 834 1262 tecta
851 1194 920 1265 med
930 1231 941 1278 3

140 1303 232 1373 Copia
251 1303 329 1356 nulla
349 1302 426 1368 cibi,
455 1301 701 1375 mensis-inducis
727 1302 852 1371 opimis,

207 1394 256 1448 Tu
276 1395 348 1448 mihi
369 1396 498 1448 delectas
516 1396 626 1466 ponis,
656 1395 772 1461 amice,
803 1395 902 1464 dapes.
959 1456 962 1475 Ι

138 1488 198 1543 Per
218 1497 266 1540 tua
283 1488 429 1557 respirant
448 1497 564 1542 arentes
584 1489 693 1557 pocula
712 1488 834 1554 fauces,

206 1581 256 1632 Tu
274 1597 381 1634 vacuas
400 1581 467 1633 laeto
486 1580 596 1634 sufficis
616 1597 683 1633 aere
707 1596 822 1634 manus.

138 1672 228 1728 Nune
253 1688 392 1741 quoque,
425 1673 450 1726 si
468 1673 628 1742 quidquam
647 1673 764 1740 gravius
783 1673 947 1726 succedere
968 1674 1065 1728 visum
1087 1685 1148 1749 est,

206 1764 302 1819 Multa
321 1764 427 1833 doles,
456 1766 567 1819 nostris
592 1773 713 1830 motus,
744 1764 858 1832 amice,
889 1764 986 1841 malis.

492 1992 795 2013 *anu-⁸⁶¹²*

438 2180 725 2302 Elegia
789 2180 843 2274 V.

280 2388 329 2465 In
369 2391 724 2490 Philopompum
764 2393 1002 2487 quendem.

580 2605 719 2618 εὴ..-

141 2740 238 2830 Sumo
259 2775 372 2830 animos
393 2775 522 2842 iterum,
552 2785 580 2830 et
597 2775 750 2847 tepidum,
777 2785 843 2830 mea
861 2774 971 2844 Musa,
990 2775 1147 2844 timorem,

206 2863 407 2932 Femineoque
425 2863 507 2917 leves
526 2873 633 2917 excute
654 2864 745 2916 corde
764 2867 876 2917 metus!

141 2958 213 3013 Non
231 2966 350 3021 tamen,
380 2964 413 3007 ut
435 2973 569 3024 pugnes,
603 2965 652 3009 aut
669 2972 817 3028 quemque
836 2957 931 3026 prima
950 2958 1096 3026 lacessas,
1116 2980 1133 3001 e·

207 3049 263 3102 Sed
282 3047 318 3099 sit
336 3054 368 3096 ut
386 3059 425 3098 ex
443 3048 559 3099 monitu
579 3048 694 3101 cautior
713 3049 760 3100 ilie
778 3058 841 3101 tuo.

139 3141 167 3199 zi
186 3140 262 3191 miht
279 3147 384 3188 notum
402 3137 491 3190 animi
510 3139 620 3204 fastus,
652 3140 844 3206 simulataque
867 3140 975 3206 virtus,

206 3233 265 3285 Vix
284 3232 370 3285 etiam
390 3245 530 3283 accessus
549 3231 682 3300 perferet
707 3229 754 3280 ille
777 3237 856 3281 tuos·

139 3328 189 3381 Tu
206 3337 305 3378 tamen
324 3323 468 3388 accedas,
500 3330 545 3388 ct,
575 3338 634 3391 quo
653 3321 721 3371 licet
740 3319 802 3383 ire,
831 3320 955 3385 fereris,

206 3419 278 3472 Non
298 3433 403 3469 omnes
427 3411 543 3468 levibus
563 3413 694 3467 dimovet
712 3411 760 3462 ille
778 3410 876 3468 minis,

140 3498 267 3566 Terreat
286 3508 440 3574 imbelles,
471 3516 499 3559 et
517 3507 611 3559 inania
631 3513 754 3575 pectora
771 3503 883 3572 pulset,

206 3603 273 3657 Nos
292 3600 400 3669 aliquid
418 3608 522 3652 nostro
542 3598 658 3653 fidimus
678 3597 806 3665 ingenie.

140 3694 211 3748 Non
231 3711 335 3747 omnes
354 3691 504 3745 mordacis
523 3701 610 3758 agunt
629 3689 763 3744 convicia
783 3687 903 3758 linguas,

209 3787 289 3856 Saepe
309 3786 374 3856 quis
395 3785 424 3853 ⁴⁸)
449 3784 591 3836 adversos
610 3782 739 3837 substitit
758 3790 940 3836 anteactos.

141 3897 303 3915 μ·-

177 3974 197 4019 ”)
215 3975 241 4018 In
260 3975 312 4019 dem
332 3973 468 4030 nutograph
485 3969 553 4018 stand
571 3970 634 4035 qaid.
