2640 4634
477 350 485 356 ·
527 283 810 425 Epigrammata.

363 521 432 593 De
470 521 703 597 Fortunae
739 523 970 601 ludibrio.

155 679 267 747 Erexit
286 679 417 743 fortuna
435 695 536 748 rotam
560 684 618 763 (sic
637 687 762 766 perdita
782 689 901 751 mundo

230 781 354 856 llludit‚
385 785 512 866 quoties
531 787 612 847 haue
631 787 719 848 iuvat
738 809 807 853 esse
826 791 953 866 levem.)

153 880 267 966 Erexit
286 881 405 944 circum
424 885 548 949 attoniti
573 905 732 970 regesque
753 890 931 973 ducesque,

226 984 312 1047 Ante
332 1004 443 1067 vagam
462 985 577 1049 moesti
596 997 678 1049 stant
696 989 876 1075 hilarosque
896 991 997 1054 (leam.
1169 988 1176 999 ’

83 1154 86 1159 ,
148 1085 203 1146 Illa
222 1084 309 1144 viros
328 1085 443 1147 durare
463 1085 590 1161 iubens,
623 1109 680 1168 spe
700 1093 816 1152 mulcet
836 1091 935 1165 inani,
1103 1086 1106 1090 ¹

222 1184 418 1266 Ambiguum
437 1206 496 1249 axe
516 1208 648 1249 movens
670 1192 798 1264 orbem,
830 1190 1011 1274 iterumque
1031 1215 1175 1257 movens.

149 1289 325 1350 Aeternum
342 1287 418 1349 lacit
438 1291 517 1364 hoc,
543 1310 603 1351 nee
623 1291 724 1352 adhuc
744 1301 848 1352 tamen
868 1292 976 1372 implet
995 1293 1136 1369 hiantes,

222 1389 308 1450 Dum
327 1408 408 1467 saepe
428 1410 446 1451 a
465 1411 587 1454 summo
606 1402 705 1452 mutat
725 1392 765 1452 ad
784 1392 845 1453 ima
864 1394 937 1455 loco

147 1490 233 1550 Dum
259 1510 344 1550 nune
368 1492 449 1552 afflat
476 1512 569 1570 opes,
600 1494 675 1554 dum
695 1513 780 1554 nunc
800 1490 958 1554 subvertit
977 1480 1140 1569 honores,

221 1591 307 1651 Dum
326 1589 416 1650 fovet
435 1590 631 1667 immeritos,
658 1604 863 1676 attenuatque
884 1594 1004 1655 bonos,

144 1692 295 1772 Dumque
318 1701 430 1750 onerat
450 1691 534 1751 curis
554 1703 586 1751 et
604 1692 814 1753 sollicitudine
834 1704 947 1765 vexat,

220 1793 308 1853 Ultra
328 1811 455 1855 omnem
473 1791 567 1858 fallax
588 1791 746 1870 expatiata
764 1792 907 1852 modum.

147 1893 199 1956 sic
219 1903 337 1971 aptam,
367 1879 471 1953 tamen
497 1913 566 1954 esse
594 1892 730 1974 aliquid,
763 1911 948 1973 numenque
967 1903 1133 1972 putamus,

221 1994 317 2057 Hunc
336 1991 447 2057 fucum
464 1993 580 2060 nostris
603 1992 713 2054 oblinit
732 1995 797 2055 haec
818 1991 928 2060 oculis.

589 2177 732 2191 m

276 2311 346 2382 De
383 2310 691 2384 immodestia
723 2311 1031 2384 Venetorum.
1100 2358 1102 2363 -

144 2469 307 2533 Concessa
332 2482 379 2530 est
399 2473 533 2532 Venetis
560 2474 673 2534 efferto
702 2473 794 2550 copia
820 2493 953 2546 consu,¹

218 2569 386 2631 Plausihus
412 2572 571 2648 extemplo
595 2570 763 2650 laetitiaque
785 2569 941 2652 ¹fremunt.

143 2670 275 2734 Caesaris
300 2690 385 2733 arma
410 2669 482 2751 agili
508 2668 535 2729 si
558 2669 636 2751 quid
653 2667 784 2729 fortuna
801 2678 925 2741 rotatu,
967 2724 974 2733 ,
1075 2713 1079 2723 .

217 2771 355 2846 Erexit,
387 2773 513 2851 planctu
537 2768 727 2851 tristitiaque
749 2768 861 2829 iaccut.
926 2800 934 2808 -
969 2774 1001 2805 '·'
1036 2816 1043 2845 =.

142 2875 250 2957 Usque
280 2874 361 2934 adeo
390 2873 520 2934 fortuna
548 2870 624 2933 nihil
653 2869 847 2935 moderabile
874 2866 1015 2943 suadet,¹

217 2971 406 3053 Oblitosquc
426 2971 475 3032 sui
494 2992 576 3053 quos
598 2973 681 3054 regit
702 2993 771 3034 esse
791 2969 878 3035 facit.
1032 2956 1047 2971 ²

585 3152 726 3167 -ῄ

380 3254 382 3263 χ
465 3283 533 3356 Ad
569 3281 835 3354 fortunam.

141 3446 245 3525 Quem
265 3447 361 3508 linem
378 3446 510 3508 fortuna
527 3445 604 3508 sacis
622 3443 756 3526 ludique
775 3442 927 3525 iocique‘?

107 3591 109 3595 ν
215 3549 281 3610 Aut
306 3548 424 3610 variam
451 3547 485 3609 in
509 3548 623 3621 nobis,
655 3565 720 3626 qua
745 3547 834 3606 iuvet
862 3563 932 3607 esse
956 3534 1075 3601 tonus?
1164 3561 1165 3565 ¹

140 3645 223 3710 Cum
250 3667 431 3727 premeres,
463 3648 559 3710 immo
587 3647 733 3708 Venetos
760 3655 792 3705 et
818 3643 853 3706 in
878 3662 942 3703 axe
965 3642 1105 3707 locares,

214 3749 362 3810 Vidimus
381 3749 505 3828 imperii
523 3745 712 3808 luxuriantis
732 3764 820 3823 opes.

139 3850 204 3912 Res
225 3849 282 3910 illis
302 3872 429 3912 rursum
447 3850 544 3923 facis,
569 3860 611 3930 ‘ut
632 3845 794 3927 contingat
813 3817 1069 3951 abunffi
1129 3835 1132 3845 ¹

215 3952 438 4037 Praecipitique
456 3955 543 4014 leves
565 3950 689 4014 Caesare
710 3947 749 4006 ad
769 3947 828 4006 alta
847 3938 954 4003 vocat.
1084 3961 1087 3966 ·
