2640 4634
191 422 297 468 xxxii
395 390 720 489 Chronologischcs
745 382 992 467 Verzeichnit's

313 588 364 649 Ad
391 583 595 649 Chunradum
616 584 806 666 Peutinger,
837 585 950 648 Patric.
967 590 1196 668 Augustensem
1275 576 1303 627 -’“-

315 686 471 765 Epistola,
500 697 532 745 et
559 683 714 757 „Carmen
732 685 978 747 exhortatorium
1003 690 1041 749 ad
1068 689 1196 749 Germa-

313 807 372 846 nos
395 793 496 847 suos.¹‘
749 868 752 872 Δ
1127 782 1132 791 ’

191 889 274 948 1518.
315 885 531 947 Orationes
552 886 653 958 (luae,
675 886 769 947 altera
787 883 891 948 habita
910 886 1071 969 aLegatis
1086 885 1196 946 summi

310 983 492 1058 Pontificis,
515 1005 621 1045 coram
638 985 751 1062 Imper.
770 984 922 1046 Maximil.
941 1007 1000 1065 pro
1015 987 1196 1065 colligendis

311 1083 449 1146 Dceimis
467 1083 501 1144 iu
519 1083 755 1160 expeditionem
774 1084 806 1145 in
826 1087 962 1149 Turcas:
990 1089 1086 1174 altera
1104 1085 1196 1146 Viri

312 1181 519 1258 cujusdam
546 1180 775 1245 doctissimi
803 1185 1010 1259 adhortantis,
1044 1207 1084 1246 ne
1106 1185 1198 1246 Priu-

310 1281 395 1363 cipes
412 1280 445 1342 in
461 1281 596 1343 Decimae
611 1285 839 1361 praestationem
859 1286 1063 1344 consentiant.

358 1381 445 1456 (Dals
464 1380 568 1440 dieser
584 1382 731 1455 lctztere,
757 1378 787 1458 ja
811 1381 963 1444 vielleicht
979 1384 1072 1444 bcide
1090 1383 1197 1444 Briese

249 1518 254 1529 ·
355 1501 421 1540 von
442 1479 566 1539 Hutten
585 1499 699 1557 seyen,
730 1481 828 1542 ucrd'
855 1481 905 1543 ich
933 1506 981 1545 am
1009 1483 1198 1566 geeigneten

356 1578 435 1653 Qrte
456 1579 612 1654 darthun.)

306 1658 524 1753 Misaulus,
552 1677 656 1759 quiet
684 1679 783 1739 Aula
810 1680 1005 1756 inscribitur,
1034 1682 1196 1764 Dialogus.

307 1801 379 1840 cum
397 1777 595 1859 praefatione,
616 1778 655 1836 ad
670 1776 843 1839 Hernicum
861 1779 1074 1856 Stromerum,
1094 1785 1198 1844 Aver-

307 1880 494 1942 bachensem
513 1877 664 1957 Epistola.

307 1972 368 2043 Ad
390 1979 494 2040 virum
523 1999 580 2058 per
615 1976 719 2038 omnia
749 1977 919 2058 Magnum,
956 1981 1197 2044 Bilibaldum

273 2158 275 2163 Ι
307 2079 573 2153 Pirlsheimer,
605 2077 720 2138 Patric.
750 2079 1026 2160 N01·i1nbergeus.,
1065 2081 1197 2143 amicum

304 2179 421 2240 sortem
439 2189 472 2237 et
490 2177 667 2256 cognitum,
689 2173 839 2256 Epistola.
1176 2210 1180 2218 ·

303 2280 356 2341 Ad
387 2278 574 2340 Bilibald.
612 2277 868 2340 Pirkhcimer.
927 2280 1014 2342 Patr.
1053 2281 1194 2344 Norimb.

304 2379 462 2457 Epistola,
483 2377 553 2438 vitae
572 2399 634 2438 suae
655 2377 809 2440 rationem
829 2394 1003 2458 exponens.

304 2478 363 2540 Ad
404 2478 484 2540 Ulr.
531 2478 754 2538 Huttenum
801 2478 943 2541 Bilibald.
991 2479 1195 2543 Pirkheimcri

304 2578 454 2657 Epistola.

305 2678 363 2740 Ad
383 2677 402 2741 J
410 2672 532 2737 ulium
551 2675 700 2755 Pttugk
720 2677 829 2758 Equit.
850 2677 999 2756 Epistola.

303 2778 362 2837 Ad
383 2775 578 2838 Jacobum
603 2777 650 2835 dc
678 2777 904 2850 Bannisiis,
939 2779 1102 2840 Decanum
1122 2782 1193 2841 Tri·

198 2952 201 2957 .
303 2873 466 2935 dentinum
487 2868 651 2935 et'caesar.
670 2873 829 2952 Majestat.
850 2895 866 2934 a
886 2875 1020 2938 Secretis
1043 2881 1194 2957 Epistola.

180 2973 285 3054 script.
319 2973 502 3122 ruspne
542 2972 687 3053 Gujaci
730 2973 935 3035 Medicina
975 2988 1006 3036 et
1045 2978 1191 3040 Morbo

210 3075 286 3137 edit.
318 3072 402 3136 1519.
449 3072 605 3134 Gallico
624 3073 704 3134 liber
723 3083 815 3135 uuus.

33 3170 45 3187 Ι
72 3260 76 3267 -
179 3176 287 3286 mim·
321 3173 428 3344 ΜΞ
448 3214 594 3276 Febris
619 3213 783 3295 Dialogus.

208 3276 284 3335 edit.
318 3272 403 3335 1519.

182 3375 267 3436 tus.
304 3375 460 3436 Versus
481 3369 735 3444 Numismati,
764 3369 797 3429 in
814 3371 996 3433 memoriam
1011 3375 1192 3436 reconcilia-

302 3471 396 3531 tionis
422 3470 630 3531 Maximiliani
652 3472 731 3551 hnp.
763 3467 867 3549 gratiss
902 3481 934 3530 et
963 3471 1122 3534 Francisci
1153 3477 1192 3536 dc

304 3569 491 3648 Sickingen,
512 3589 561 3629 an.
583 3584 639 3630 cto
654 3587 688 3631 to
702 3584 812 3631 xvttt.
832 3565 905 3628 suso
925 3569 1102 3652 inscriptus.

201 3708 233 3718 -
302 3670 354 3731 Ad
375 3667 721 3747 Christophorum
742 3667 891 3728 Hacum
912 3669 992 3731 Oda.

179 3774 262 3836 15111.
302 3771 360 3832 Ad
392 3766 572 3841 Fabium,
613 3764 964 3847 Chrysopolitam,
1002 3771 1190 3833 studiosissi-

302 3889 386 3929 mum
408 3868 658 3940 adolescentum,
671 3865 825 3941 Disticha.

201 4004 232 4014 —-
302 3966 403 4033 tatii
424 3967 473 4028 11.
494 3965 581 4048 Lig.
601 3967 715 4028 Pont.
736 3967 836 4028 Max.
875 3967 1083 4048 Epitaphium.
