2640 4634
521 389 780 488 Panegyricus.

145 579 232 647 ignea
249 599 311 635 non
329 581 440 652 Lybles
459 583 559 653 plaga,
585 601 647 637 uon
666 585 826 656 Aegyptius
846 585 952 654 ardor,

144 675 246 728 Ducet
264 677 299 728 ad
318 674 513 746 Euphraten,
539 676 613 736 fines
632 679 786 747 superabit
803 678 920 734 iberos

145 767 315 820 Turcarum
335 768 470 835 invadet,
500 769 574 822 situ
592 771 795 838 mandaveris,
823 772 929 841 urbes,

144 858 332 929 Diripietque
351 862 473 928 Asiam,
503 862 642 932 Bysantia
660 862 780 917 moenia
798 873 884 933 raptu

143 951 307 1019 Extrahet,
337 954 499 1007 Aemonias
517 971 604 1009 arces
615 995 625 1022 ,
654 965 682 1008 et
701 954 792 1023 Graj'a
811 955 934 1009 reducet

144 1043 247 1110 Regna
267 1046 379 1113 ferox,
411 1062 499 1102 ausus
519 1047 556 1099 de
575 1047 659 1100 fonte
679 1048 829 1118 inquirere
847 1049 968 1116 Nilum,

144 1137 193 1189 De
215 1137 272 1189 fine
292 1138 468 1206 Oceanum,
501 1140 627 1193 'I'anaim
646 1140 788 1207 calcabit,
820 1140 968 1195 Orontem

144 1229 282 1296 invadet,
308 1232 486 1285 transmittet
503 1231 616 1301 Halyn,
646 1232 806 1287 contendet
824 1233 859 1284 ad
876 1233 982 1287 indum
992 1273 1001 1300 ,

145 1322 250 1391 Caspia
272 1323 399 1376 claustra
418 1327 500 1390 ru'et,
527 1325 692 1394 complebit
709 1325 857 1393 stragibus
881 1326 998 1379 orbem.

143 1413 182 1467 Et
198 1424 228 1467 tu
248 1416 271 1468 si
289 1417 347 1469 hac
365 1416 473 1468 virtute
492 1416 573 1484 frui,
605 1418 629 1470 si
648 1417 763 1471 viribus
781 1418 823 1470 uti

143 1507 189 1559 Ad
207 1509 321 1576 majora
339 1509 445 1572 voles,
474 1517 609 1563 extrema
628 1526 683 1580 per
705 1511 805 1563 omnia
825 1516 936 1565 curret.

144 1599 216 1652 Haec
241 1617 296 1666 ego
316 1600 398 1664 signa
415 1600 502 1664 dedi,
532 1609 565 1653 tu
583 1602 679 1669 prima
698 1602 820 1670 impons
836 1603 943 1655 ferenti

144 1691 319 1764 Quodquod
342 1705 418 1743 onus
433 1672 569 1743 ¹decerne
589 1692 654 1756 uti,
680 1693 761 1760 quod
779 1693 899 1745 numina
918 1694 1029 1747 donant
1035 1733 1046 1760 ,

145 1784 237 1856 Quod
255 1784 331 1853 rapit
346 1782 423 1835 hora
441 1782 549 1849 fugax,
579 1783 615 1835 da
632 1783 745 1850 magnis
764 1784 884 1853 praemia
902 1779 1008 1852 sactiS,

143 1857 352 1944 Invita'pretio
371 1874 532 1941 virtutem,
562 1875 607 1927 ale
624 1874 794 1930 honoribus
814 1877 920 1944 artois,

91 2018 93 2023 .
145 1968 329 2020 Commenda
349 1967 479 2019 studium
497 1967 606 2033 donis,
635 1982 692 2023 nec
709 1967 819 2034 largius
836 1968 889 2021 ulli

143 2059 247 2126 Regna
265 2058 333 2111 duci
354 2058 492 2126 dederis,
521 2060 677 2129 provincia
696 2059 836 2130 quaelibet
853 2060 895 2114 illi
977 2057 981 2062 ’

143 2151 318 2219 Contingat,
347 2155 462 2219 majora
480 2152 577 2220 datis,
604 2153 667 2206 sine
685 2162 845 2223 tempora,
877 2154 991 2208 reddet.

141 2242 253 2297 Vicerit
276 2244 431 2309 invidiam,
455 2246 576 2312 juvenis
596 2246 759 2316 primordia
777 2246 860 2314 regni

140 2338 207 2390 Diis
226 2349 309 2405 reget
327 2337 454 2409 aequales
472 2338 617 2392 Francos.
655 2339 726 2392 Hoc
740 2355 820 2391 nunc
840 2356 961 2408 quoque
979 2347 1067 2393 tantae

141 2430 288 2482 Indicium
306 2414 422 2484 virtutis
442 2431 515 2496 erit,
542 2431 606 2498 jam
626 2430 744 2483 balthea
764 2440 888 2496 tractat,

140 2520 210 2572 darn
233 2521 357 2573 thoraca
379 2530 504 2586 movet,
533 2521 765 2590 clypeosque-et
784 2522 883 2573 ferrea
903 2520 994 2573 nudat

140 2613 339 2665 Instrumenta
357 2611 459 2677 neeis,
491 2612 640 2681 cristaque
662 2620 690 2664 et
711 2612 826 2664 casside
845 2613 969 2679 gaudet,

142 2705 260 2765 Gaudet
279 2705 362 2757 frena
379 2720 469 2756 manu
489 2704 683 2773 contingere,
709 2704 834 2774 jamque
853 2704 970 2757 laborat

142 2798 273 2852 Currere
293 2813 404 2867 eques,
429 2796 624 2866 jaculumque
642 2814 733 2851 manu
750 2797 887 2864 vibrare,
915 2796 1053 2867 tubaeque
1150 2854 1153 2859 ,
1248 2864 1249 2868 ¹

141 2889 235 2943 Exilit
254 2891 288 2943 ad
307 2890 439 2943 sonitum
457 2905 554 2958 puer,
586 2900 615 2943 et
631 2907 782 2961 nunquam
804 2891 872 2945 satis
891 2889 971 2945 audit

102 2963 104 2967 ⁷
143 2983 280 3049 Tergora
304 2992 388 3034 tensa
407 2981 521 3047 boum,
552 2999 601 3035 me
620 2993 717 3039 totum
735 2984 864 3038 absolvit
881 2982 910 3035 in
928 2982 979 3036 illo

143 3074 257 3127 Omnes
277 3074 312 3126 ad
329 3089 494 3139 numeros,
515 3089 617 3127 rerum
637 3086 742 3129 natura
760 3075 902 3129 creatrix.

142 3164 217 3239 Quis
235 3182 314 3216 nunc
334 3165 473 3231 illorum,
499 3165 536 3217 de
556 3167 626 3219 tanti
645 3168 809 3235 insignibus
828 3167 902 3220 actis
970 3220 977 3227 ,

140 3257 339 3325 Degenerarit
357 3257 431 3311 avi?
459 3273 518 3310 nec
536 3258 565 3311 in
583 3259 631 3312 his
653 3259 772 3313 fortuna
791 3258 939 3328 relinquet

140 3348 206 3403 Ulla
224 3350 346 3416 locum,
377 3358 405 3402 te
425 3365 516 3416 regna
533 3360 641 3420 vocat,
672 3351 723 3403 ubi
742 3351 858 3405 Dorida
874 3350 970 3420 pulsat

141 3442 232 3496 istula
251 3441 461 3506 Sarmaticam,
491 3444 585 3496 veteri
609 3452 729 3511 regnata
748 3434 901 3497 'Borussm

139 3534 180 3588 Et
198 3533 442 3599 fractaelLivonis
463 3550 557 3604 opes,
583 3535 741 3604 Litavique
761 3536 919 3604 palustres.

140 3627 174 3679 ln
193 3637 221 3679 te
241 3627 422 3681 Pannonicae
442 3627 581 3695 conjurat
598 3628 698 3698 portio
719 3627 824 3696 gentis.

142 3719 323 3773 Gaudebunt
341 3719 427 3790 patrii
447 3719 548 3789 populi
559 3760 568 3786 ‚
592 3721 759 3792 Venetique
777 3720 934 3775 timebunt.

140 3810 179 3863 Et
196 3811 320 3866 tristaris
341 3812 458 3878 adhuc,
488 3812 654 3884 amissaque
672 3813 797 3883 pignora
820 3812 928 3881 luges?

140 3903 246 3970 Rejice
265 3904 301 3956 ab
322 3904 447 3956 Alberto
467 3895 580 3969 curas,
600 3906 728 3961 meliora
748 3907 914 3972 dabuntur,

141 3996 297 4064 Tempora
318 4013 371 4065 per
391 3995 499 4064 stygias
517 3995 571 4061 tibi
589 3994 710 4066 Jupiter
727 3999 828 4053 annuit
846 3997 949 4051 undas.
1127 4020 1129 4027 ¹

175 4121 239 4165 uuit.
259 4119 305 4177 op.
323 4121 349 4166 r.
369 4121 387 4168 1.
782 4100 823 4172 19
