2640 4634
721 837 793 924 lll.

503 1051 693 1130 Ulriche
718 1074 810 1129 von
835 1057 1014 1132 Hutten

405 1243 1110 1363 Dichterdiplom.

679 1478 843 1511 hb-——ss-

253 1656 576 1745 Maximilianue
618 1669 734 1740 Divina
772 1668 898 1740 favente
941 1677 1120 1751 'clementia¹
1147 1673 1265 1740 electae

253 1782 473 1844 Romanorum
494 1782 669 1860 imperator
687 1801 810 1860 acmper
832 1795 999 1862 augustus,
1019 1803 1055 1843 ac
1075 1784 1265 1868 Germanic,

253 1882 443 1963 Hungariae,
482 1872 658 1956 Dalmatiae,
705 1880 840 1943 Croatiae
875 1894 934 1943 etc.
967 1875 1057 1957 Rex,
1102 1884 1265 1946 Archidux

253 1982 408 2058 Austriae,
428 1983 504 2053 Dux
519 1970 729 2063 Burgundiae,
754 1974 927 2043 Brabantiae
947 1994 1025 2059 ctu,
1051 1974 1167 2045 Comes
1185 1987 1266 2062 pala-

252 2083 336 2171 tinus
356 2093 416 2143 etc.
455 2073 646 2143 Honorabili
658 2086 768 2144 nostro
785 2086 817 2142 et
834 2072 913 2144 sacri
904 2079 1058 2162 ''Impelii
1071 2084 1156 2152 fideli
1173 2084 1266 2146 nobis

253 2157 368 2244 dilecto
397 2173 544 2245 Udalrico
574 2182 614 2265 de
642 2181 764 2243 Hutten
788 2158 896 2243 Po'e‘tae
923 2194 955 2268 et
981 2178 1109 2246 Oratori
1128 2184 1266 2246 Gratiam

251 2292 390 2343 nostram
410 2276 601 2356 Caesaream,
630 2293 661 2341 et
682 2296 775 2342 omne
791 2276 920 2345 bonum.
960 2281 1147 2346 Consanum
1165 2284 1266 2347 Caesa-

252 2403 313 2444 rcae
352 2384 520 2443 clementia·
557 2381 690 2442 maxime
717 2383 783 2462 'rati
818 2376 992 2446 honoribus
1014 2400 1156 2465 augere
1192 2401 1265 2460 eos,

253 2502 391 2565 quorum
408 2481 532 2542 virtutis
551 2473 653 2562 aliqua
671 2483 755 2563 apud
771 2474 875 2546 bonos
892 2476 989 2544 Viros
1008 2478 1184 2548 testificatio
1210 2486 1265 2562 sit,

252 2581 342 2666 quod
367 2584 424 2644 hos
450 2581 548 2647 veluti
576 2581 702 2644 stimulo
735 2582 774 2644 ad
802 2568 918 2664 optima
949 2576 1051 2646 studia
1079 2587 1267 2665 capessenda

251 2682 377 2763 plurimi
405 2682 584 2744 incitentur.
644 2674 769 2745 Deinde
802 2684 847 2744 sic
879 2695 1035 2765 putantes.
1056 2678 1096 2745 ad
1128 2696 1267 2747 nostram

252 2802 384 2863 quoque
399 2778 531 2862 gloriam
545 2777 719 2860 pertinere,
738 2782 765 2843 si
781 2774 889 2860 optimi
906 2786 1061 2865 cujusque
1079 2776 1143 2845 vita
1155 2799 1265 2848 nostro

250 2879 392 2962 inprimis
408 2881 588 2943 testimonio
610 2878 774 2961 probetur.
811 2875 903 2943 Unde
929 2892 960 2941 te
985 2883 1165 2955 Udalricum
1189 2906 1267 2964 prae-

164 2983 167 2988 ’
250 2981 351 3042 satum
376 2985 416 3040 e'x
441 2980 539 3041 nobili
561 2971 719 3062 Equitum
739 2972 880 3042 Familia,
898 2984 1149 3063 commendatum
1173 2987 1265 3048 nobis

252 3074 428 3161 aprobatis
454 3073 650 3155 hominibus,
680 3077 837 3142 iuvenem
863 3073 1016 3158 scientes,
1051 3085 1140 3166 quod
1159 3105 1265 3147 amore

250 3183 411 3245 literarum
437 3175 522 3242 Exul
547 3179 647 3242 laetus
674 3193 786 3268 magna
810 3172 948 3267 Europae
971 3186 1156 3269 perlustrata
1178 3199 1267 3266 parte

252 3287 346 3347 multa
377 3277 475 3356 dura,
518 3291 550 3342 et
579 3272 690 3341 acerba
727 3276 852 3357 tuleris,
894 3270 986 3345 etiam
1018 3285 1089 3347 vitae
1127 3286 1266 3364 pericula

158 3408 159 3412 ¹
251 3382 377 3455 inieris,
403 3379 501 3462 idque
519 3375 686 3442 adsecutus
703 3373 761 3455 sis,
785 3393 820 3441 nt
839 3374 901 3462 jam
919 3395 972 3444 tua
990 3385 1103 3464 scripta
1120 3381 1153 3447 in
1170 3388 1266 3448 mani-

250 3482 309 3544 bus
340 3479 550 3552 haberentur,
597 3491 629 3540 te
667 3473 864 3542 doctissimus
893 3477 1028 3565 quisque
1057 3505 1115 3564 per
1150 3488 1266 3549 Italiam

251 3578 368 3661 pariter
397 3587 428 3636 et
454 3552 652 3637 Gennaniani
679 3572 751 3639 ob
736 3580 922 3662 ingenium,
950 3594 980 3643 et
998 3580 1178 3680 politiorem
1195 3606 1266 3649 eru-

251 3679 404 3741 ditionem
424 3664 660 3736 familiarissime
684 3682 945 3758 complecteretur
962 3701 998 3744 ac
1019 3684 1144 3747 interim
1163 3689 1266 3749 claris-

250 3779 400 3860 rimorum
426 3773 588 3836 hominum
615 3767 740 3853 publice
767 3781 849 3842 edita
873 3795 1017 3845 extarent
1049 3785 1243 3848 Testimonia
1255 3834 1263 3862 ‚

247 3864 393 3962 ¹quibus'
386 3887 467 3934 mte1
485 3891 572 3934 raros
593 3886 624 3933 te
639 3877 837 3942 collocarent
877 3884 918 3942 Et
937 3882 1010 3966 quia
1030 3870 1063 3944 tu
1082 3885 1120 3946 ad
1139 3888 1264 3966 generis

251 3975 468 4041 claritudinem
494 3972 617 4053 optimis
644 3967 752 4038 studiis
777 3973 934 4063 quaesitam
961 3974 1154 4077 nobilitatem
1180 3986 1264 4066 adje-
