2640 4634
215 358 288 437 lod
575 359 861 460 Epigrammata.-

214 553 285 623 Jam
302 573 352 618 me
373 553 460 620 Galle
480 553 571 634 audi,
593 575 655 639 qua
675 573 807 636 surgere
827 550 962 634 contigit
979 553 1076 625 istuc,

291 654 405 718 Omnia
422 654 456 716 ni
477 654 598 728 fallant,
620 657 676 718 hac
695 653 819 715 ratione
839 649 942 713 cades.

213 755 305 818 Nulla
323 755 379 817 diu
398 755 481 835 potis
503 765 550 837 est
569 751 683 818 durare
702 752 851 834 superbia
869 753 974 826 (tutte,

288 855 360 917 Hoc
380 875 513 930 moneo,
533 855 659 937 quoties
679 866 711 916 te
730 854 822 917 nimis
841 855 901 914 alta
918 852 1010 933 petis.

212 953 282 1018 Jam
301 966 355 1016 tua
373 976 461 1018 mens
480 955 610 1018 nimium
629 955 779 1020 sublatam
798 954 923 1018 concita
940 955 1064 1017 cristam

288 1055 406 1139 Erigit,
425 1055 573 1140 interque
592 1059 646 1120 has
666 1058 733 1118 laeta
752 1055 919 1136 triumphat
940 1075 1028 1134 opes.

212 1153 309 1220 Certe
330 1155 426 1220 oblita
444 1157 503 1220 sui.
542 1157 628 1238 Quid
643 1157 730 1221 enim
746 1157 778 1221 si
794 1156 873 1230 lilia,
894 1177 962 1238 quae
982 1166 1044 1216 tam

244 1266 246 1272 ’
285 1257 379 1319 Nunc
399 1259 530 1332 florent,
551 1256 635 1320 sicco
655 1257 761 1337 stipite
780 1257 876 1318 flacce
895 1256 1006 1317 cadant
1013 1255 1029 1315 ‘t‘
1059 1253 1062 1258 ’

211 1357 350 1422 Omnino
370 1357 509 1438 ambigui
529 1377 634 1432 casus,
654 1357 802 1421 mutabile
821 1367 957 1436 tempus.

285 1457 389 1518 Multa
408 1455 525 1538 aequilae
546 1455 645 1517 virtus
667 1457 775 1531 Galle,
796 1455 967 1537 minorque
987 1454 1056 1519 tibi.

209 1555 339 1620 Parcius
361 1558 425 1620 haec
444 1554 593 1638 cupiens,
613 1558 831 1630 recontrans,
851 1548 1024 1638 quinetiam
1043 1555 1183 1634 (audist)

284 1653 409 1720 casare
429 1654 489 1720 sub
509 1654 639 1720 domino
662 1657 749 1718 Galle
768 1656 819 1720 ser
840 1655 1017 1738 imperium.

646 1827 787 1855 lau-u·—

408 1958 478 2031 De
513 1919 651 2034 Gallo
686 1957 1018 2056 superbiente.

181 2115 281 2179 *ttaee
299 2101 423 2179 cervice
442 2126 583 2194 tumens,
607 2130 639 2179 et
658 2120 905 2182 versicoloribus
927 2111 981 2183 alis
1051 2101 1054 2106 ,

280 2219 357 2298 Quae
379 2218 475 2280 crista
493 2218 659 2298 imperium
679 2219 811 2299 despicit
831 2241 924 2283 omne
946 2221 1057 2296 rubra,
1090 2218 1098 2225 ”

204 2318 283 2399 Qnae
301 2318 462 2382 mediocre
484 2318 577 2394 nihil,
597 2319 673 2382 nihil
692 2332 723 2382 et
741 2321 935 2384 moderabile
957 2342 1064 2385 secum

278 2419 408 2495 volvit,
433 2432 465 2481 et
484 2420 649 2505 immensas
669 2423 808 2508 concipit
828 2425 889 2484 ales
911 2443 1005 2503 opes²

154 2583 156 2589 a
187 2519 335 2612 ¹Aemula
355 2520 471 2604 reginae
493 2525 678 2599 volucrum,
698 2523 790 2586 nimis
811 2527 870 2584 alta
887 2525 1052 2597 volutans,
1146 2539 1155 2555 ⁴·

278 2623 355 2702 Qnae
376 2622 488 2683 coelum
506 2623 619 2704 pennis
638 2623 749 2687 nititur
769 2622 816 2685 irc
837 2646 941 2705 supra.

203 2721 235 2786 Si
254 2721 424 2807 quicquam
443 2723 526 2786 leret
544 2725 591 2786 his
612 2725 686 2788 o'lirn
706 2723 901 2788 successibus
921 2727 1035 2809 impar,

275 2823 367 2905 Quos
382 2822 468 2889 risus
489 2824 582 2890 nobis
601 2826 687 2906 lapsa
705 2826 847 2890 movebit
866 2824 959 2890 avis?

636 3003 779 3021 σ-ι-ιι-η

441 3128 509 3200 De
544 3126 681 3201 Gallo
718 3138 765 3200 et
800 3126 971 3224 aquila.

199 3288 311 3368 Nuper
330 3287 468 3349 sidereus
489 3289 595 3350 Gallus
617 3291 852 3353 transcenderat
872 3293 974 3370 alpes,

275 3389 407 3449 Terruit
426 3389 550 3451 Italicos
570 3391 674 3453 bellna
692 3404 785 3453 torva
807 3392 921 3474 duces,

198 3488 242 3548 At
262 3488 449 3551 Mediolano
469 3502 637 3574 postquam
657 3480 800 3556 consedit
819 3492 853 3552 in
872 3512 994 3575 angue,
1075 3479 1078 3494 ¹

275 3585 436 3658 Conflavit
453 3611 584 3673 magnos
606 3582 699 3655 crista
717 3593 854 3674 superba
873 3604 987 3654 metus.

131 3680 136 3690 ’
194 3687 291 3749 Nunc
311 3689 405 3752 etiam
423 3692 543 3755 Veneti
562 3693 710 3773 depastus
731 3695 871 3756 membru
890 3693 1009 3765 leonis,
1083 3727 1086 3732 ,

275 3788 454 3874 Omniaque
473 3791 646 3856 Adriacum
669 3807 779 3858 nactus
801 3796 944 3876 adusque
962 3793 1095 3866 fretum,
1165 3824 1168 3828 ·

199 3885 354 3951 Successu
372 3891 502 3957 nimium
522 3892 776 3959 fortunaeclatus
797 3895 924 3974 opimae,
1023 3915 1026 3919 ²
1228 3890 1232 3905 ⁴

272 3992 519 4078 Aggrcssusque
539 3995 603 4057 suis
624 3994 746 4061 viribus
765 3997 866 4080 impar
885 4015 984 4070 onus,
