2670 4628
236 361 299 434 188
590 352 869 451 Epigrammata.

340 553 383 617 Et
401 549 520 613 saltatio
539 559 571 609 et
590 548 727 610 insolens
747 546 916 619 theatrum,

339 651 511 723 Notabant,
539 648 595 709 tibi
617 647 775 715 mordicus
796 648 971 725 prehenso,

337 749 472 814 Infantes
493 748 573 811 tituli
593 760 624 813 et
643 759 724 808 notae
744 746 884 821 tributae,

336 851 439 911 Versa
459 861 506 913 cst
525 861 591 910 tota
609 858 695 911 retro
716 836 812 908 beans
832 846 959 929 virago,

335 951 376 1010 Et
397 972 464 1032 quae
483 949 544 1013 iam
563 951 723 1009 Venetum
740 947 811 1007 ioca
831 945 1059 1024 impudentum,

335 1051 488 1131 Hancque
508 1050 589 1110 inte
607 1048 829 1128 pentulantiam
847 1047 984 1121 serebat,
1063 1102 1069 1111 ,

332 1152 471 1213 Rursum
492 1153 525 1227 (ο
544 1149 699 1228 tempora)
719 1148 824 1211 deiicit
846 1147 997 1230 premite,

331 1251 441 1313 Nudos
461 1250 549 1325 aeris,
575 1261 606 1309 et
626 1250 765 1310 omnium
784 1259 943 1322 carentes,

330 1351 440 1422 Solos,
466 1349 647 1430 auxilioque
668 1348 844 1408 destitutos.

327 1451 355 1511 lt
374 1452 484 1532 lugens
502 1450 581 1511 mala
599 1450 724 1523 civitas,
753 1447 891 1530 facitque

330 1551 419 1635 Quos
438 1548 578 1636 sprevit,
608 1550 731 1631 superis
751 1568 896 1630 suprema
915 1557 997 1608 vota.

650 1754 790 1775 r--v--v

350 1914 731 1991 De'muneribus
767 1915 1072 1986 Venetorum.

210 2073 251 2136 Ut
270 2094 377 2154 pacem
398 2079 574 2154 obtineant,
604 2091 639 2143 ut
657 2090 688 2147 te
707 2077 741 2138 in
759 2096 816 2140 sua
833 2076 952 2141 foedera
972 2075 1099 2146 (irruant,

283 2176 384 2238 Omne
404 2196 504 2259 genus
524 2178 628 2241 Caesar
647 2197 778 2240 munera
797 2176 870 2237 dant
890 2174 1017 2234 Veneti.

206 2274 281 2337 Haec
295 2276 385 2352 dare,
405 2279 563 2359 surripere
581 2292 638 2341 est.
654 2298 659 2313 ·
677 2278 709 2341 Si
722 2276 908 2355 sumpseris,
929 2294 948 2335 ο
966 2274 1080 2345 decus,
1103 2273 1214 2337 olaus.

280 2379 356 2457 Quae
374 2378 430 2440 tibi
450 2379 579 2442 devictis
599 2380 720 2460 integra
739 2388 826 2441 erant
847 2374 989 2437 Venetis.

203 2476 287 2547 Dant
313 2478 385 2551 tibi,
415 2501 483 2561 quae
505 2491 557 2540 tua
577 2491 665 2554 sunt,
694 2477 819 2558 rapiunt
836 2475 894 2547 tibi
911 2476 1046 2545 maxima
1065 2475 1103 2539 ab
1122 2477 1212 2538 hoste

275 2578 388 2654 Missa,
419 2600 534 2648 vocare
555 2581 650 2659 igitur
670 2578 747 2662 quid
763 2576 858 2649 licet?
886 2576 1022 2643 insidias.

621 2761 785 2775 Μ

352 2914 402 2988 In
434 2942 633 3019 pugnam
665 2919 1042 2991 tt‘avennensem.

866 3034 880 3065 't

198 3075 277 3151 Fas,
308 3079 402 3155 socii,
428 3086 506 3144 male
530 3084 610 3145 velle
631 3080 733 3155 malis,
761 3078 865 3142 odisse
885 3081 1055 3160 superbos,

270 3180 429 3262 Antraque
451 3183 557 3244 conari
577 3194 686 3243 eontra
706 3181 830 3245 inimica
848 3203 951 3244 manu.

195 3278 238 3341 At
257 3279 403 3341 miserum
422 3294 483 3354 est,
511 3283 626 3343 sonate
644 3283 751 3358 nefas,
785 3283 940 3366 civileque
960 3282 1074 3349 bellum

268 3379 421 3455 Miscere,
447 3393 478 3440 et
498 3382 589 3443 sociae
609 3383 702 3444 cladis
723 3405 829 3453 amore
849 3384 938 3445 trahi.

193 3476 351 3572 Vicimus,
379 3493 408 3541 at
427 3482 519 3543 nobis
537 3485 638 3563 perit,
666 3495 698 3544 et
718 3470 759 3545 de
779 3484 932 3565 sanguine
952 3493 1061 3544 nostro

266 3581 409 3643 Effusum
429 3593 490 3651 est,
521 3583 675 3665 quicquid
692 3583 830 3664 perdidit
849 3584 907 3645 ista
925 3583 1003 3645 dies.

190 3681 297 3763 Atque
318 3683 379 3745 hoc
399 3684 551 3744 servitum
569 3693 618 3742 est
636 3683 750 3745 iterum
768 3682 825 3745 tibi
847 3686 954 3767 'l'urea
970 3684 1145 3763 triumpho,

265 3783 360 3859 Quod
378 3783 437 3843 nisi
455 3783 581 3857 letaris,
607 3805 674 3847 non
692 3784 792 3864 sapis,
821 3797 851 3845 at
870 3782 952 3871 οφ
970 3785 1041 3849 hoc,
1066 3856 1070 3864 Ι

190 3881 238 3938 'fr
257 3881 380 3941 felicem
402 3881 514 3960 igitur,
543 3882 595 3945 cui
614 3905 696 3966 quus
716 3896 752 3947 tu
770 3887 904 3966 perdere
925 3885 1037 3958 velles,

263 3981 326 4058 Ipsi
345 3980 492 4042 intestino
512 3983 673 4061 pcrdimur
692 3984 802 4047 exitio.
