2640 4634
488 388 535 438 an
559 365 697 435 Hutten
723 373 793 436 etc.
829 441 833 448 ¹

166 564 242 624 Este
264 559 400 633 salutati,
432 559 565 630 Manes,
592 556 657 617 haec
676 577 795 617 summa
813 554 955 617 laborum

239 663 329 722 Alma
349 659 439 741 (fnies
459 655 625 730 vobisut,
652 676 712 716 nee
732 676 826 717 arena
845 656 967 736 gravis!

165 761 285 841 Accipe
306 781 377 820 curn
396 757 487 819 violis
507 760 677 834 lacrymas,
706 754 763 817 tihi
782 754 944 818 fundimus
962 755 1038 831 illas,

239 861 348 922 Morte
368 871 422 920 tua
439 857 516 920 felix
535 855 669 916 maxime
688 877 790 934 nuper
808 858 929 938 Eques.

165 960 256 1022 Felix
278 971 379 1020 morte
398 972 469 1033 tua,
500 956 612 1020 Patriae
631 977 698 1017 non
717 955 781 1018 fata
798 956 930 1032 ruentis,

244 1056 345 1138 Cujus
367 1081 435 1120 eras
452 1058 588 1132 vindex,
619 1077 685 1116 non
704 1066 751 1116 tot
771 1056 883 1118 acerba
901 1056 1001 1120 vides.

167 1159 273 1222 Patria
290 1171 362 1238 post
382 1159 486 1219 obitus
507 1157 563 1218 tibi
584 1155 717 1238 contigit
737 1159 833 1218 altera
850 1159 974 1233 coelum,

242 1257 350 1337 Major
370 1269 401 1320 et
418 1257 452 1318 in
472 1268 602 1319 cunctos
620 1256 657 1319 'fit
675 1269 729 1318 tua
747 1255 830 1318 fama
851 1257 929 1319 dics.

166 1360 339 1421 Fortunate
359 1357 456 1432 cinis,
491 1357 671 1421 venerande
690 1357 859 1438 nepotibus
879 1356 965 1438 ipsis,
1066 1404 1071 1419 .

241 1459 415 1522 Aeternum
434 1459 533 1531 salve,
564 1469 816 1541 perpetuumque
835 1459 925 1521 vale!

417 1756 855 1850 Epitaphium.

168 1921 310 1992 Rhetor,
336 1918 445 1999 Eques
464 1914 603 1991 sueram,
635 1916 798 1980 Germanis
818 1916 918 2002 gloria
936 1918 1044 1992 terris,

250 2019 394 2098 Integer,
423 2016 600 2098 ingenuus,
630 2016 766 2079 carmine
781 2029 819 2080 et
837 2039 913 2104 ense
931 2028 1055 2098 potens.

172 2120 269 2180 Tetra
288 2115 362 2178 mihi
381 2116 489 2178 tribuit
508 2115 649 2199 quamvis
667 2115 755 2179 serus
774 2119 880 2180 ulcera
899 2118 1023 2192 Gallus,

243 2218 339 2278 Fama
359 2226 462 2278 tamen
482 2216 617 2299 pretium
636 2218 881 2302 Nobilitatis
906 2219 1010 2306 habet.

172 2317 257 2380 Hinc
275 2315 302 2377 si
321 2326 429 2377 nostra
448 2320 553 2400 leges,
583 2317 689 2398 paucis
711 2318 866 2402 intellige,
896 2320 1014 2395 lector,
1077 2305 1089 2409 u'

249 2419 352 2496 Quam
369 2438 435 2479 non
454 2419 518 2505 heec
538 2417 655 2481 frustra
673 2418 800 2484 nomine
819 2431 904 2483 tanta
918 2414 1036 2517 g'sffi.

133 2543 173 2601 Β.
192 2543 240 2597 II.
263 2548 323 2603 319.

562 2714 726 2730 m

97 2835 100 2842 ¹
132 2846 268 2921 Pauli
291 2846 457 2918 Melissi
480 2845 650 2919 Schedii
673 2848 816 2922 Poe'tce
837 2847 1149 2924 Monimentum

325 2985 368 3061 U,
402 2987 611 3065 Hutteno
645 2985 957 3061 collocatum.

262 3164 265 3172 ,
331 3160 334 3164 -
399 3115 883 3197 (schediasmaumLips.1625.)

290 3259 468 3322 Irascuntur
485 3258 592 3333 amici,

289 3360 499 3442 Indignentur
518 3370 550 3421 et
568 3360 696 3434 hostes;

289 3463 500 3523 Succenseant
517 3457 659 3540 patroni,

288 3563 396 3640 Aegre
416 3561 518 3622 ferant
537 3561 681 3624 clientes:

289 3661 367 3723 Mali
384 3661 567 3738 frendeant,

291 3765 333 3824 Et
350 3748 428 3824 beni
445 3762 599 3825 fremant:

290 3864 332 3923 Et
353 3860 463 3923 Codro
479 3861 620 3945 quamvis
639 3861 690 3923 ilia
704 3870 797 3942 rupta
815 3868 960 3940 crepentr

291 3961 397 4026 invitis
417 3973 521 4026 tamen
540 3960 700 4037 omnibus,
