2640 4634
551 146 590 239 *t

509 366 788 465 Epigrammata.

256 557 366 638 Nuper
385 576 546 639 purpurea
563 560 653 621 nimis
672 561 824 642 superbus
861 554 865 559 ¹
931 582 937 611 ⁵

257 653 375 744 Crista,
401 658 714 745 multicoloribusque
736 663 868 742 plumis,
895 642 901 655 ’

259 757 359 818 Torta
379 779 472 840 quam
490 771 581 838 caput
600 761 709 823 altiore
728 763 842 838 cauda,

256 856 350 920 Collo
369 858 549 938 splendidus
575 880 672 923 aureo
692 863 817 939 monili,

255 957 404 1039 Flagrans
422 959 564 1040 undiquc
582 960 646 1023 lilio
667 961 798 1039 virenti,
819 958 823 963 ’
933 1012 936 1019 .

257 1057 320 1138 Qui
338 1069 446 1138 gentes
466 1060 556 1121 Italas
573 1082 694 1125 novum
716 1073 895 1143 stupentes,

255 1157 307 1218 Ad
326 1169 466 1237 raptum,
490 1159 605 1239 impete
623 1161 734 1223 terruit
754 1163 862 1257 citato,
975 1244 980 1255 .

258 1258 350 1318 Nune
368 1259 519 1341 languens
538 1259 650 1336 animi,
671 1261 820 1323 albicante
841 1264 948 1341 crista,
980 1316 998 1341 ,Ἄ

253 1357 370 1419 Plumis
390 1360 627 1437 deficientibus,
654 1362 844 1446 trahensque

255 1455 395 1537 Cautlam
413 1479 517 1539 pone,
543 1480 614 1521 suas
633 1460 716 1544 sugit
734 1463 915 1546 relinquens

255 1557 406 1632 Gallinas,
432 1579 488 1620 sua
505 1559 569 1621 lilia
588 1572 619 1621 et
637 1581 694 1622 sua
713 1583 805 1624 arma.

253 1658 314 1720 Die
332 1658 475 1732 fortuna,
503 1663 554 1720 vel
572 1661 640 1738 ipse
660 1663 784 1723 rectius·
795 1661 864 1735 die,

253 1757 339 1836 Quid
361 1769 393 1818 te
421 1758 507 1818 Galle
533 1758 589 1820 tibi
614 1758 737 1820 abstulit
760 1758 919 1839 repente?
950 1769 1003 1820 aut

254 1859 328 1938 Quo
354 1858 478 1920 tandem
507 1859 557 1921 ille
584 1860 677 1921 animi
702 1860 797 1940 vigor
820 1857 964 1921 resedit?

252 1958 304 2021 An
324 1957 379 2039 qui
398 1959 518 2019 somnia
541 1959 713 2021 dormiebat
732 1962 804 2035 alta,

254 2056 317 2118 Per
343 2068 373 2119 te
400 2071 446 2120 est
474 2059 613 2137 excitus,
643 2059 798 2143 irruitque
828 2056 952 2122 Caesar?

188 2358 251 2428 De
275 2357 456 2432 victoria
480 2359 654 2433 Caesaris
681 2361 902 2433 adversum
926 2355 1094 2431 Gallum.

139 2517 300 2591 Vicimus,
328 2530 360 2579 et
379 2519 472 2579 Latio
494 2521 598 2580 Gallos
617 2520 791 2580 deiecimus
807 2520 915 2592 armis,

214 2619 258 2679 Ut
276 2617 399 2678 iuvenis
416 2629 523 2678 nostra
542 2618 658 2679 Slortia
679 2629 792 2696 regnet
817 2636 890 2694 ope.

140 2719 302 2793 Vicimus,
332 2718 384 2781 ille
412 2717 511 2798 fugit,
542 2718 598 2800 qui
622 2739 680 2780 nos
707 2719 801 2799 paulo
826 2725 896 2776 ante
923 2714 1102 2794 premebat,
1134 2717 1152 2788 E

215 2818 297 2882 Cum
316 2828 489 2898 premeret,
516 2830 636 2899 pactam
656 2838 721 2881 non
740 2816 905 2898 tenuitque
923 2815 1028 2879 fidem.

139 2920 234 2981 Disce
260 2921 373 2992 tidem,
405 2932 448 2979 et·
465 2920 553 3002 quod
577 2920 637 2982 inis
660 2939 773 3002 regum
792 2915 942 2981 ditissime
959 2915 1075 2979 foedus

217 3019 368 3092 Servare,
395 3019 477 3079 haud
495 3040 646 3097 superum
663 3021 712 3082 ius
733 3017 882 3100 violaque
898 3017 1005 3080 Deum

140 3117 183 3179 Ut
201 3117 302 3194 possis
321 3116 462 3178 homines
481 3117 591 3178 deluso
611 3118 718 3180 fallere
737 3127 840 3197 pacto,

218 3213 322 3276 Crede
341 3215 432 3290 mihi,
463 3216 584 3295 superis
603 3238 670 3279 non
689 3217 732 3277 ita
749 3213 848 3276 verba
866 3211 964 3274 dabis.

572 3391 738 3407 1-1-

210 3517 273 3586 De
300 3514 486 3588 foedere
514 3517 740 3590 Gallorum
765 3536 859 3610 cum
884 3506 1078 3584 Venetis.

138 3673 283 3733 Foedera
302 3674 499 3755 coniungunt
518 3675 646 3736 Veneto
677 3694 749 3735 cum
767 3672 863 3734 milite
886 3671 1010 3742 Gallos,

213 3775 295 3834 lline
322 3786 415 3855 atquc
441 3773 513 3835 hine
540 3774 650 3835 Latios
676 3785 711 3834 ut
737 3774 883 3855 subigant
910 3770 1057 3850 populos.
1095 3849 1100 3858 ·

140 3873 214 3932 Itala
232 3885 315 3934 terra
333 3873 456 3950 tremit,
483 3875 619 3953 populos
636 3885 741 3935 metus
760 3874 811 3933 ille
832 3871 964 3932 Latinos

77 3958 80 3963 ¹
215 3971 365 4035 Concutit
376 4019 385 4050 ,
414 3985 445 4035 et
463 3985 583 4036 mentes
602 3975 707 4037 abiicit
727 3973 898 4054 ambiguas.
