2670 4628
161 357 205 431 74
273 301 275 305 ¹
546 345 591 421 Η.
626 343 784 416 Trebelii

158 544 255 602 Pallas
273 539 373 608 adest,
394 538 497 626 miseri
517 546 546 599 et
563 538 690 606 graviter
709 537 767 590 fert
786 536 889 590 damna
907 544 1001 606 poetae
1012 577 1022 606 ,

226 649 336 717 Nunc,
354 649 526 716 Henninge,
547 653 634 707 tuoe,
653 637 764 708 perfide
775 677 784 703 ‚
804 638 896 705 pande
915 638 1020 692 sinus!
1049 710 1051 712 „

158 750 293 817 Perfida,
312 751 405 820 pande
425 749 528 803 sinus!
553 744 633 818 Quid
651 742 735 795 stas?
754 739 919 810 dubiusque
938 739 1090 812 moraris?

227 850 328 904 Pande
347 852 447 918 sinus,
466 851 604 920 inquam,
625 840 758 926 perfide,
776 840 870 908 pande
890 839 969 895 Sinus
987 843 994 902 l

160 951 296 1024 Concipe
314 952 447 1016 Pierium
465 968 520 1021 pro
539 955 619 1004 tanto
640 942 763 1005 crimine
781 941 888 996 vulnus
898 981 907 1007 ‚

226 1052 350 1119 Persta,
368 1068 429 1106 non
449 1067 509 1104 uno
529 1048 672 1111 vulnere,
691 1044 781 1110 dure,
805 1042 902 1101 cades·

162 1151 249 1205 Dura
269 1153 361 1220 ferat,
380 1151 428 1221 qui
448 1150 520 1203 dura
537 1147 619 1212 tulit,
632 1145 763 1213 ‘jactetur
774 1153 788 1209 ‚¹
803 1150 917 1208 agatur,

137 1248 140 1261 '
229 1253 288 1332 Qui
308 1255 389 1306 ferus
409 1250 524 1308 Aonios
542 1227 623 1318 pellit
642 1246 680 1299 ab.
697 1245 772 1298 urbe
792 1242 886 1296 viros.

156 1351 231 1418 Non
250 1354 363 1423 poteris
380 1361 477 1417 tantos
495 1350 578 1410 finire
597 1349 625 1401 in
645 1356 742 1401 morte
763 1348 906 1416 dolores,
963 1383 967 1391 ·

224 1454 277 1507 Ille
302 1455 411 1521 dolor,
436 1451 523 1507 nobis
544 1449 651 1512 crede,
674 1449 812 1516 perennis
834 1451 888 1502 erit
896 1470 906 1518 ;

159 1553 224 1611 lmo
245 1565 313 1622 post
332 1554 429 1611 varios
451 1545 569 1616 luctus,
588 1556 658 1618 post
676 1548 780 1600 funera
799 1551 895 1616 major

86 1634 88 1639 V
226 1654 349 1724 Semper
368 1654 439 1720 erit,
457 1660 570 1704 tantum
592 1649 723 1703 carmina
743 1651 829 1702 docta
848 1653 955 1708 valent.

158 1751 237 1824 Quid
257 1754 309 1806 tibi
329 1770 426 1819 nunc,
444 1752 565 1809 Doctor
584 1750 665 1829 quod
683 1750 724 1809 sis
735 1790 744 1816 ,
763 1754 843 1820 quod
864 1756 987 1808 consule
1008 1763 1105 1809 cretus

159 1855 161 1859 ’
223 1852 385 1908 Proderit?
403 1853 514 1906 ardenti
526 1861 616 1908 *veste
637 1853 718 1920 quod
739 1853 813 1906 altus
832 1858 905 1910 eas?

154 1952 304 2012 Novimus
325 1953 403 2024 atqui
421 1961 471 2019 te,
489 1952 600 2022 passim
620 1953 813 2023 canimusque
836 1965 948 2023 poetae:

222 2055 344 2109 Doctor
364 2069 414 2120 es,
435 2061 462 2104 et
482 2052 590 2117 ealles,
609 2051 747 2119 Doctor,
767 2053 796 2107 in
816 2064 876 2106 arte
894 2057 977 2112 nihil.

152 2154 276 2207 'Doctor
297 2172 347 2221 es,
372 2162 401 2206 et
418 2152 474 2206 soli
494 2151 522 2218 ⁴)
541 2153 629 2220 vulgo
649 2154 822 2224 populoque
840 2157 968 2224 videris,

223 2253 345 2307 Doctor
364 2269 413 2319 es,
440 2261 467 2304 at
485 2252 599 2322 poteris
620 2252 672 2306 vix
689 2255 744 2307 tria
762 2257 853 2309 verba
872 2257 976 2326 loqui3

156 2353 365 2408 Grammaticae
384 2355 503 2422 ignoras
522 2353 616 2424 prima
635 2353 812 2408 incunabula
823 2397 839 2423 ‚,
862 2375 931 2410 cum
950 2357 989 2410 sis

223 2455 344 2514 Ductor
365 2464 392 2507 et
411 2451 576 2508 Orchestra
595 2453 714 2525 publica
731 2455 800 2523 J'ura
822 2457 915 2524 legas.

155 2555 315 2624 Denique,
344 2555 396 2609 vix
414 2562 527 2609 tantum
545 2564 623 2610 tanta
642 2555 694 2607 tibi
715 2555 743 2607 in
764 2566 825 2608 arte
843 2558 980 2610 relictum
1000 2567 1060 2623 est,

221 2656 277 2722 Ut,
303 2657 425 2709 Doctor
444 2657 513 2726 quid
532 2657 588 2724 sit,
618 2657 758 2723 Doctor,
789 2656 825 2709 ab
848 2665 908 2709 arte
928 2658 1014 2710 scias.

156 2756 211 2810 Sed
226 2757 288 2822 jam
309 2757 388 2809 forto
407 2772 525 2815 sacrum
549 2757 636 2810 nimis
658 2757 879 2809 excandescere
898 2766 1013 2823 vatem,

220 2856 336 2923 Dices,
367 2865 395 2908 et
415 2856 515 2922 ignoto
535 2857 635 2909 durius
662 2873 715 2908 ore
735 2855 829 2925 queri.

152 2954 210 3009 Ista
229 2964 327 3007 tamen
344 2964 443 3007 tecum
463 2953 593 3008 debebas
613 2956 754 3022 volvere,
785 2956 891 3022 Lossi,

220 3055 303 3109 Dum
323 3055 408 3110 furor
428 3056 590 3110 innocuum
611 3057 723 3126 pellere
743 3057 778 3109 ab
799 3057 875 3109 urbe
894 3057 957 3115 fuit.

152 3159 199 3210 An
218 3154 393 3223 ignorabas,
422 3172 485 3210 non
504 3155 582 3210 vinci
601 3172 691 3226 posse
710 3160 838 3226 po'e'tas?

215 3256 255 3311 Et
274 3255 396 3310 nimium
414 3257 517 3325 longas
536 3257 654 3310 vatibus
675 3274 740 3311 esse
764 3261 892 3311 manus?

150 3357 247 3426 Atque
266 3356 333 3424 pios
356 3364 456 3423 vates,
487 3373 564 3426 quos
583 3358 630 3410 vel
649 3359 734 3411 Plato
753 3359 860 3411 laedere
878 3358 990 3422 nollet,

219 3455 366 3510 Sublimes
386 3456 520 3527 quamvis
538 3459 673 3515 vinceret
690 3458 737 3509 ille
757 3458 893 3527 sophos?

150 3552 230 3623 Ergo
255 3557 353 3625 feras,
382 3556 471 3610 Lossi
492 3558 617 3624 doctor,
649 3557 729 3628 quod
748 3557 828 3609 ferre
849 3573 974 3610 necesse
994 3562 1055 3620 est,

216 3655 270 3723 Et,
302 3665 426 3727 quantus
445 3666 545 3724 surgat
564 3658 669 3714 deinde
690 3665 777 3728 poeta
788 3697 797 3724 ‚
826 3657 921 3723 sciaS,

157 3785 318 3801 m

188 3869 208 3910 'o
229 3868 260 3910 lm
280 3869 450 3914 MeIner'scheu
469 3869 605 3926 Exemplar:
633 3875 693 3917 salo.
