2640 4634
245 351 303 398 LIV

246 516 414 598 Imperium
433 515 582 590 sitorum,
617 513 836 596 cujuscunque
860 512 921 576 sint
944 513 1152 590 conditionis,
1187 540 1257 603 gra-

247 618 324 692 dus,
346 615 495 705 ordinis,
527 626 557 674 et
585 625 699 690 status,
728 626 763 676 ut
787 626 818 675 te
842 615 898 675 hac
924 626 1048 691 nostra,
1082 638 1176 700 qnam
1201 618 1257 681 tibi
1303 616 1305 621 ’

245 717 346 800 largiti
364 739 471 782 sumus
492 714 662 799 dignitate,
697 735 732 776 ac
750 714 894 779 omnihus
917 715 1140 799 Praerogativis
1161 726 1192 778 et
1207 719 1256 809 'in-

245 817 386 901 signibus
406 817 475 896 ejus
492 815 722 901 qualiacunque
738 816 778 877 de
796 813 866 894 jure
887 825 917 876 et
940 817 1169 881 consuetudine
1192 817 1256 881 ser-

244 930 374 992 ventur,
388 917 458 991 nti,
478 917 559 990 frui,
580 916 734 1005 gaudere,
756 927 786 977 et
800 913 895 996 potiri
905 916 1098 994 permittant,
1117 939 1177 980 nec
1190 940 1257 980 non
1293 963 1297 975 .

243 1030 275 1079 te
300 1031 409 1080 contra
435 1016 613 1096 praedictam
643 1027 782 1083 nostram
812 1011 1041 1095 protectionem
1069 1018 1256 1098 impulsare,

243 1129 297 1179 ant
314 1121 479 1183 molestare
498 1119 651 1179 ullatenus
671 1126 857 1198 praesumant
880 1116 998 1178 directe
1016 1121 1066 1180 vel
1088 1117 1256 1194 indirecte,

243 1218 302 1280 sub
316 1240 407 1299 poena
425 1216 648 1300 indignationis
666 1227 779 1280 nostrae
800 1218 1001 1299 gravissima,
1022 1238 1058 1279 ac
1077 1216 1265 1306 quindecim

242 1319 444 1388 Mancharum
479 1317 561 1380 Auri
587 1315 677 1397 puri,
714 1339 791 1399 quas
821 1329 929 1379 contra
956 1317 1106 1381 facientes
1141 1319 1256 1381 totiens

243 1417 390 1501 quotiens
412 1415 639 1482 contrafactum
656 1415 753 1480 suerit
775 1416 844 1497 ipso
866 1418 950 1480 sacto
967 1417 1136 1481 incurrisse
1155 1419 1257 1482 electa·

241 1536 345 1579 ramus
366 1535 424 1596 per
446 1525 626 1596 presentes.
670 1517 810 1595 Quarum
832 1518 960 1601 quidem
976 1517 1175 1581 medietatem
1192 1520 1257 1582 Ae-

241 1615 326 1678 rario
344 1628 454 1679 nostro
471 1616 636 1692 Cesarea,
655 1616 808 1701 reliquam
826 1639 905 1681 vero
919 1629 1039 1701 partem
1052 1619 1099 1680 tui
1117 1619 1256 1682 Udalrici

241 1715 325 1798 passi
345 1715 491 1796 injuriam
518 1716 628 1783 usibus
650 1715 847 1787 decernimus
871 1719 1097 1801 applicandum.
1135 1722 1257 1785 Harum

241 1817 422 1903 testimonio
435 1818 608 1887 litterarum
625 1817 724 1901 Sigilli
741 1819 841 1882 nostri
851 1819 1043 1901 appensione
1057 1819 1256 1883 munitarum.

241 1912 312 1985 Dat.
332 1917 366 1981 in
383 1916 519 1981 civitate
532 1930 641 1982 nostra
657 1919 813 1999 Imperiali
828 1920 973 2002 Augusta
986 1918 1046 1984 Die
1060 1919 1258 1983 Duodecima

240 2017 363 2082 Mensis
400 2016 477 2080 Jutii
511 2019 606 2082 Anno
643 2018 772 2086 Domini
801 2019 971 2087 Miltesimo
1004 2018 1255 2103 quingentesimo

240 2118 374 2199 Decimo
402 2119 545 2200 septimo.
594 2122 782 2202 Regnorum
805 2108 987 2185 nostrorum
1020 2118 1155 2191 Romani
1183 2118 1257 2182 Tri·

240 2217 357 2288 cesima
378 2221 535 2301 secundo,
555 2220 725 2307 Hungariae
741 2242 819 2289 vero
838 2217 998 2288 vicesimo
1019 2229 1143 2286 octavo.
1156 2218 1199 2276 ζ..
