2670 4628
518 395 799 495 Epigrammata.

156 591 280 657 Parcite
298 611 348 653 me
368 592 486 654 Veneti
502 591 590 652 ferro
611 589 791 671 disperdere
814 599 844 653 et
865 589 948 674 igni,

230 696 298 756 Nec
317 695 357 754 tle
376 705 423 754 tot
442 712 568 773 pessum
585 691 716 754 millibus
737 713 818 754 unus
838 714 915 755 eam.

155 798 230 859 Non
249 815 286 855 ea
304 795 432 867 fortuna
451 805 497 854 est
515 805 551 855 ut
569 813 654 854 nunc
674 813 735 873 ego
757 795 853 876 vique
870 817 1027 881 manuque

228 896 367 958 Horrida
386 895 534 957 commoti
554 892 683 956 Caesaris
704 913 786 954 arma
805 915 929 977 sequar.

154 1001 228 1061 Hue
246 1017 296 1059 me
316 999 382 1058 sola
401 996 492 1057 trahit
512 993 609 1054 vestri
628 993 788 1055 admiratio
808 995 914 1073 regni,

228 1100 368 1160 Noscere
392 1117 450 1158 vos
470 1094 581 1174 cupio,
607 1093 741 1173 perdere
759 1114 825 1154 non
844 1095 949 1174 cupio.

154 1199 197 1260 Ut
215 1197 338 1258 videam
357 1197 451 1271 veni,
478 1216 545 1256 non
565 1195 638 1255 veni
653 1205 796 1254 evertere
816 1194 898 1256 bello

229 1296 326 1360 Altini
347 1298 456 1371 sedes,
484 1297 713 1376 Euganeasqne
740 1295 862 1356 domos.

154 1400 242 1462 Alter
262 1399 300 1456 ab
320 1410 425 1458 arctoa
443 1395 534 1456 vobis
553 1395 645 1456 suror
663 1394 803 1456 imminet
822 1397 920 1474 Alpe,

231 1499 420 1558 Germanum
438 1494 577 1576 peditem
596 1494 682 1555 ducit
702 1495 813 1556 Iberus
832 1516 941 1578 eques.

154 1601 218 1659 Has
238 1598 319 1658 ruite
339 1598 373 1657 in
393 1597 495 1668 vires,
525 1615 596 1655 narn
616 1615 685 1674 quae
705 1605 770 1653 tum
789 1596 890 1675 gloria
904 1607 999 1673 ¹parta
1018 1609 1079 1674 est,

228 1697 260 1758 Si
280 1698 319 1758 de
338 1707 386 1755 tot
404 1715 530 1774 pessum
547 1692 679 1762 millibus
697 1714 779 1752 unus
798 1693 889 1753 eam?

153 1799 250 1859 Nullae
274 1799 395 1858 hostem
414 1813 543 1854 movere
563 1812 691 1871 preces,
721 1791 794 1852 mihi
815 1803 903 1871 terga
922 1795 1045 1875 relapso

229 1899 303 1958 Heu
323 1916 417 1978 quam
437 1892 552 1969 difficili
572 1893 760 1954 consuluere
777 1890 864 1973 fuga.

153 1998 196 2059 Ut
213 2018 290 2056 eaeso
310 2017 360 2057 me
380 1995 482 2057 nullus
501 1995 605 2057 honor
623 1993 701 2068 snit,
729 1992 812 2053 haud
831 1992 873 2052 ita
892 1993 986 2053 vobis

227 2097 397 2158 Pulchrum
415 2106 462 2155 est
480 2115 531 2156 me
550 2094 677 2158 claudos
702 2092 854 2174 eripuisse
873 2094 986 2173 pedes,

153 2195 319 2270 Dicebam,
352 2209 383 2257 et
402 2195 625 2273 sessusymedia
643 2195 725 2255 inter
744 2192 836 2256 millia
856 2215 966 2269 cursu,

229 2298 329 2358 'sutus
349 2297 382 2359 in
402 2298 518 2358 effosso
540 2296 647 2360 delitui
667 2296 799 2358 tumulo.

577 2511 741 2525 ,ιη-...ιι-

210 2666 278 2734 De
315 2661 598 2734 leviuscula
631 2661 835 2755 quadam
867 2684 888 2732 a
919 2659 1115 2734 Venetis

467 2796 668 2882 accepta
706 2782 850 2854 clade.

154 2985 284 3057 Cernis,
303 2993 338 3044 ut
357 2987 507 3047 Adriacas
525 2999 674 3049 moveant
693 3008 778 3050 nova
797 2987 911 3068 gaudia
930 2986 1057 3051 Ranas‘?

228 3084 265 3142 ln
285 3101 451 3144 numerum
469 3087 630 3160 Venetus,
657 3096 694 3145 ut
712 3086 862 3167 saliatque
882 3086 979 3148 Leo?

155 3179 286 3254 Cernis,
312 3192 348 3240 ut
366 3183 518 3262 Euganea
536 3185 668 3263 respiret
686 3184 816 3245 Marcus
835 3185 869 3244 in
885 3183 995 3245 unda?

228 3283 334 3362 thue
354 3291 476 3342 tumens
496 3280 596 3362 patria
614 3284 670 3344 vix
690 3284 829 3364 capiatur
850 3305 945 3367 apra,

154 3381 257 3444 Causa
275 3382 338 3455 rei,
364 3382 493 3462 sumptis
515 3405 581 3445 non
598 3383 701 3445 sauste
723 3386 885 3446 Teutones
906 3384 1012 3459 armis,

228 3483 317 3544 Mille
338 3483 465 3565 quoda
484 3485 617 3545 Venetis
633 3483 834 3565 procubuere
856 3485 931 3546 duo.

153 3584 195 3645 Ar
215 3594 381 3663 postquam
398 3583 486 3644 ferus
508 3605 592 3647 arma
611 3597 702 3668 geret
722 3587 804 3648 Jove
824 3585 949 3645 sindice
971 3583 1091 3660 Caesar,

229 3685 325 3759 Quod
348 3695 450 3746 tutum
471 3685 605 3748 Venetis
624 3698 692 3747 tum
711 3686 782 3747 satis
803 3705 911 3770 aequor
930 3684 1012 3746 erit?

577 3842 740 3887 ...μ-’.-
