2670 4628
965 170 978 211 ⁸

356 399 429 489 *in
448 394 614 471 Venetos
637 364 944 501 Exhortetorium.
1108 408 1172 496 13¹.

163 601 192 653 T
194 616 252 652 unc
270 612 367 667 neque
388 594 493 649 Gallus
512 595 606 644 ovans
624 595 697 647 easu
716 597 882 664 eventuque
901 595 1052 667 seouud03

232 691 424 763 Quocunque
444 687 506 739 hoc
524 685 572 739 liat
589 694 725 756 tempore
744 689 841 756 major
860 676 924 744 erit.

162 788 229 842 Nec
248 782 326 836 bene
346 770 394 834 les
414 775 560 832 Venetum
579 788 688 833 tantam
707 779 851 837 subsistet
868 782 904 835 ad
922 783 1011 854 iram,
1080 827 1088 839 r

230 875 344 931 Viderit
362 873 491 926 Adriaco
513 871 635 925 fulmina
648 862 728 940 jacta
744 864 820 929 salo.

161 973 210 1025 Ah
227 978 314 1040 potes
333 966 487 1020 arbitrium
507 983 609 1020 rerum
627 968 802 1022 moderator
825 970 976 1053 iuiffm

231 1064 340 1130 Deque
360 1060 416 1112 tuis
437 1056 540 1122 factiS,
559 1058 736 1129 ingenioque
756 1061 838 1131 pati?
855 1103 857 1106 ι

162 1158 211 1210 Ah
229 1155 300 1209 sinis
319 1153 384 1207 haec
404 1152 532 1221 aliquem
553 1151 605 1204 tibi
625 1153 790 1208 detrectare
809 1160 946 1231 tuorum,

233 1247 307 1320 Quae
327 1253 477 1314 nunquam
492 1240 608 1313 justum
626 1254 823 1315 promeruere
842 1251 954 1304 odium.

161 1343 247 1421 pudo
267 1333 394 1409 aliquid,
416 1338 561 1407 factisque
578 1339 666 1392 novis
686 1339 772 1394 istam
797 1332 879 1397 eleve
898 1345 1023 1413 famam5

234 1433 308 1506 Quae
325 1442 422 1484 tamen
444 1431 523 1482 haud
542 1443 645 1484 causas
664 1433 742 1486 unde
760 1441 875 1488 seratur
891 1428 991 1491 habet.

164 1529 325 1595 Nunquam
345 1523 448 1592 aliquis
469 1523 540 1575 vidit
559 1523 632 1589 luxu
651 1529 679 1576 te
699 1525 795 1592 egisse
818 1527 944 1597 supino,

232 1620 391 1686 Nunquam
413 1615 516 1685 aliquis
535 1615 606 1667 vidit
624 1625 723 1670 merite
742 1624 865 1672 vacante
883 1609 1001 1690 levem,

166 1713 263 1781 thue
283 1711 380 1764 solent
396 1710 496 1775 Reges
515 1708 639 1760 mollem
660 1699 808 1761 deducere
827 1710 932 1781 vitam,

233 1800 400 1873 Dulciaque
420 1799 574 1870 amplecti,
594 1783 766 1869 deliciisque
785 1790 854 1854 frui.
923 1854 926 1857 Α

167 1898 290 1965 Semper
310 1895 382 1948 dura
404 1887 478 1964 pati,
497 1900 618 1962 semper
637 1894 739 1960 sugere
759 1894 817 1948 otia
835 1903 1023 1968 promptum,

234 1987 352 2042 Duritia
374 1996 504 2041 mentem
524 1977 732 2056 perdomuisse
751 1987 839 2058 patei.-

170 2066 269 2134 'Castra
287 2072 445 2149 voluptatis
464 2095 615 2148 nunquam
636 2079 763 2134 civiliter
781 2082 901 2149 intras‚'

237 2174 288 2227 Sed
306 2182 444 2242 tanquam
462 2172 586 2254 laqueos
606 2172 784 2244 insidiasque
804 2176 890 2243 fugis.

169 2265 208 2320 Et
225 2266 247 2319 si
269 2267 385 2336 quaudo
405 2265 512 2333 audes,
531 2282 682 2334 nunquam
701 2260 875 2322 temerarius
896 2259 987 2326 infers

234 2353 344 2423 Arma,
367 2357 419 2410 sed
440 2371 479 2410 ex
498 2365 593 2410 causae
613 2359 783 2413 conditione
801 2361 906 2427 gravis.

167 2444 309 2519 Dumque
329 2451 442 2514 infers,
461 2464 523 2501 non
540 2448 637 2501 lentus
658 2451 743 2517 ades9
761 2467 822 2505 non
841 2452 961 2506 ultimus
980 2442 1094 2522 adsies,

237 2541 287 2594 Ex
305 2540 367 2592 acie
386 2539 500 2608 primos
520 2541 655 2592 conseris
679 2550 744 2593 ante
765 2543 870 2597 duces.

168 2638 242 2705 Spes
261 2631 332 2684 mihi
353 2647 406 2700 per
424 2640 452 2681 te
472 2629 558 2696 igitur
578 2631 745 2684 cunctando
765 2621 879 2685 restitui
899 2639 963 2685 rem
971 2661 981 2699 2

239 2722 313 2798 Quae
331 2730 410 2776 nunc
431 2737 470 2774 ex
488 2721 586 2774 animo
606 2729 720 2792 statque
741 2722 877 2794 caditque
894 2732 956 2782 tuo.
1030 2784 1032 2789 ,
1096 2721 1101 2728 ’

170 2811 236 2875 Huc
255 2826 308 2885 ego
324 2817 386 2885 jam
405 2815 521 2885 pridem
542 2832 591 2869 res
611 2813 664 2869 'abs
684 2825 712 2869 te
732 2816 841 2885 colligo
858 2826 972 2885 gestas,

239 2911 374 2985 Quarum
394 2918 456 2976 est,
475 2918 564 2979 quam
580 2907 669 2962 debet
687 2901 750 2964 laus
769 2898 822 2966 tibi
839 2919 921 2980 parta
937 2909 1055 2979 milior,

171 2994 296 3057 Stultum
317 3010 417 3053 estex
438 3001 503 3069 ipso
523 3007 680 3069 premere,
700 3004 748 3056 aui
767 2992 912 3056 extollere
931 3018 1002 3057 casu

240 3094 301 3145 Res
321 3100 435 3158 gestas,
455 3090 552 3144 auimo
573 3091 761 3161 consilioque
780 3095 876 3147 decet.
903 3139 905 3144 s

170 3179 210 3242 Et
230 3184 296 3253 quia
317 3197 463 3234 successu
481 3180 575 3233 caruit
592 3189 641 3235 tua
659 3195 764 3250 magna
784 3169 939 3251 ⁴'voluntas9

239 3276 320 3329 Laus
340 3288 378 3325 ex
397 3276 520 3325 conatus
539 3273 673 3342 pondere
692 3272 789 3342 major
808 3265 873 3326 erit.

170 3364 358 3437 Augebitque'
377 3372 457 3418 tuam
480 3362 607 3419 fortunae
627 3356 732 3433 injuria
749 3366 877 3433 famam,
905 3401 907 3405 «
984 3373 987 3379 “

238 3460 311 3513 Plus
329 3457 445 3524 meriti,
468 3464 557 3529 quam
577 3447 642 3528 quis
663 3458 787 3512 credere
807 3445 919 3527 possit,
937 3448 1042 3515 halles}

173 3552 223 3605 Tu
242 3551 323 3605 varia
341 3540 485 3603 indomito
506 3539 639 3605 conflasti
658 3538 793 3602 incendia
813 3541 948 3617 Geldro,
1041 3601 1044 3607 .

240 3645 337 3712 Atque
355 3649 424 3695 tuos
442 3634 560 3696 tandein·
573 3630 722 3709 jamvsilet
739 3629 787 3695 illa
804 3640 905 3709 pedes.

174 3728 223 3791 'Tu
241 3742 324 3788 moto
349 3734 486 3789 inversos
504 3722 638 3802 pressisti
656 3722 749 3786 'milite
766 3723 891 3802 Belgae,

242 3827 335 3896 Inque
354 3834 436 3878 tuum
457 3826 568 3878 frustra
585 3832 657 3892 gens
678 3824 758 3878 stetit
779 3817 826 3878 illa
845 3830 942 3895 capiate

176 3910 254 3973 Vidit
272 3927 386 3988 equos,
403 3918 533 3988 viditque
554 3917 623 3970 tuos
640 3925 711 3970 tuno
729 3917 862 3988 Sequana
883 3921 1007 3989 curtilsp
1040 3927 1042 3930 ⁴

245 4009 369 4066 Horruit
389 4017 514 4070 armatas
532 4011 595 4082 ipse
613 3999 747 4080 Mosella
762 4015 878 4079 malausa
939 4048 944 4069 .·
1000 3992 1005 4010 ‘
