2640 4634
508 82 565 183 m·

1153 330 1164 359 t·

188 364 252 434 102
360 302 379 468 ι.
591 358 689 429 Crot.
717 356 804 431 nuh.

1126 472 1139 499 Q

182 551 293 619 crebra
308 551 347 611 de
369 561 400 617 te
420 550 577 631 repetitio.
618 549 721 609 Porro
742 547 859 607 caeteris
878 547 1060 617 canentibus
1078 563 1187 629 recep·

180 651 227 711 tui
260 672 378 721 novum
407 649 473 728 ipse
505 647 671 711 exorditur
698 647 905 725 postliminio,
942 669 1009 728 quae
1035 667 1085 707 res
1113 647 1187 709 mihi

130 744 135 755 ’
181 763 270 812 certo
289 750 406 811 indicio
425 751 454 826 ²³³¹)
474 749 551 822 suit,
574 748 660 807 aliter
680 747 719 806 de
737 757 767 805 te
790 742 912 823 dicere,
945 747 1032 809 aliter
1053 748 1186 810 sentire:

179 863 348 931 propterea
380 849 483 911 omnia
512 849 551 908 de
578 859 609 907 te
633 850 727 926 pleno
759 867 814 906 ore
840 864 1069 922 commemoro,
1107 849 1187 909 ridet

160 951 248 1024 'ille,
272 951 325 1010 vili
342 950 468 1029 pendit;
488 951 559 1010 hem
571 949 671 1008 habeo
685 959 716 1006 te
733 946 855 1006 callide!
878 942 966 1019 Scio,
989 947 1067 1028 mrid
1080 949 1186 1010 sentis.

255 1051 333 1111 Satis
352 1049 429 1113 facis
448 1061 502 1110 tuo
527 1048 752 1125 circumspecto
770 1066 915 1147 semme
934 1047 1072 1108 detonsis
1092 1047 1186 1126 patri-

177 1151 254 1224 hus,
282 1149 641 1214 turetmanrtoaffiuaas
659 1159 787 1227 gnatum
805 1148 894 1209 tuum
910 1166 968 1226 per
987 1157 1018 1206 te
1040 1167 1186 1208 reversu-

176 1272 247 1331 rum
273 1250 307 1311 in
332 1252 510 1322 cucullum,
542 1269 607 1308 non
633 1246 797 1320 audiente,
828 1246 993 1307 renuncies
1022 1259 1187 1325 paternum

176 1334 394 1427 animum‚'sic
410 1350 558 1407 sedantur
577 1347 665 1410 calvi.
706 1349 757 1408 Tu
776 1346 899 1406 interim
919 1346 1106 1421 remotiora,
1124 1349 1185 1409 hoc

146 1436 149 1441 ¹
177 1463 223 1512 est
252 1440 337 1515 nova
364 1447 481 1507 moliris
514 1458 544 1505 et
571 1458 699 1527 gnatum
726 1446 773 1505 vis
801 1448 962 1506 extollere.
1013 1446 1088 1506 Haec
1110 1468 1184 1537 vera
1241 1452 1244 1458 ’

176 1561 266 1622 sunt,
301 1559 404 1612 Utrice
421 1560 564 1616 Hutteue.
605 1549 682 1608 Vult
709 1567 814 1606 carere
841 1546 965 1628 genitor
995 1558 1068 1607 tuus
1100 1547 1184 1611 omni

176 1648 372 1727 suspicione,
401 1649 491 1730 (ruod
506 1668 555 1708 me
577 1649 680 1711 hercle
696 1646 788 1720 facit,
814 1648 857 1707 ita
882 1647 969 1706 exuit
991 1668 1116 1710 omnem
1135 1649 1184 1713 sui

176 1747 402 1826 suspicionem,
430 1760 464 1807 ut
486 1746 634 1807 Monachi
659 1746 786 1807 credant
808 1746 882 1808 nihil
901 1746 1003 1826 ipsum
1019 1768 1108 1831 aeque
1128 1744 1185 1810 ert-¹

121 1837 126 1842 ’
175 1859 330 1927 spectare,
353 1869 387 1908 ac
407 1859 495 1908 tuum
510 1847 659 1919 redium,
687 1868 751 1907 non
770 1846 897 1908 omnino
913 1846 1079 1929 falluntur,
1110 1851 1185 1932 quia

174 1949 235 2010 hoc
262 1948 406 2022 molitur,
438 1968 526 2027 mens
548 1940 735 2019 tamensim
762 1947 888 2021 audisti,
919 1948 1026 2009 subest
1051 1949 1125 2026 alia,
1157 1953 1200 2023 si,

134 2089 137 2094 ,
174 2048 372 2128 propositum
391 2049 556 2116 consilium
574 2051 651 2108 male
675 2047 868 2110 successerit.
913 2049 1008 2110 Anno
1025 2051 1183 2129 superiori

176 2150 214 2209 ad
231 2153 380 2229 poculum
395 2149 567 2209 serotinum
583 2148 657 2209 mihi
677 2159 708 2207 et
725 2147 850 2214 duobus
870 2148 999 2231 reliquis
1020 2153 1183 2214 assessori·

174 2248 250 2324 hus,
282 2259 352 2310 na'm
375 2248 478 2309 caeteri
501 2249 655 2323 abierant,
682 2271 715 2308 se
736 2261 838 2316 totum
856 2249 922 2310 sine
947 2251 1031 2311 nube
1050 2252 1182 2330 aperuit.

176 2348 252 2410 Tria
272 2351 367 2417 verba
383 2350 463 2411 dixit
482 2350 538 2410 tibi
560 2351 775 2424 memoranda,
808 2350 876 2410 Diis
894 2350 926 2410 in
945 2349 1039 2413 fidem
1053 2334 1181 2415 'vocatis

172 2448 306 2530 juravit,
327 2503 329 2508 .
348 2468 419 2511 sese
445 2461 569 2520 centum
595 2451 674 2512 lilios
700 2451 918 2512 nomismatum
947 2455 1026 2512 velle
1050 2450 1181 2516 mercari

172 2549 276 2630 prius,
297 2530 511 2653 quidemn
524 2553 668 2612 Vuldana
680 2553 726 2628 aa)
744 2552 845 2612 exiret
854 2573 954 2635 equo,
969 2574 1008 2612 ne
1020 2565 1067 2613 tot
1082 2575 1181 2617 annos

117 2653 121 2662 ⁴
170 2651 274 2714 hocin
286 2649 477 2747 mortalemo
497 2651 546 2725 hie
564 2651 772 2713 contrivisses.
788 2653 854 2730 W)
891 2654 1014 2714 Deinde
1034 2657 1127 2734 coepit
1141 2656 1180 2718 de

172 2751 356 2830 Religione:
388 2752 446 2812 sibi
469 2752 571 2814 videri
589 2752 630 2812 ait
646 2753 831 2827 verisimile,
856 2774 896 2814 ne
919 2774 1057 2838 unquam
1076 2755 1177 2820 bonus

171 2849 323 2914 caenobita
346 2852 507 2918 evaderes,
549 2852 659 2911 Tertio
685 2853 868 2914 memorauit
889 2853 1024 2935 aliquem
1050 2875 1118 2915 csse
1144 2854 1177 2918 in

170 2949 273 3022 Italia,
307 2951 429 3010 Vestrae
454 2950 574 3012 familiae
601 2953 700 3012 causis
721 2952 900 3014 forensibus
919 2955 1100 3023 'mirabiliter
1119 2976 1176 3016 no·

169 3049 339 3124 bilitatum,
382 3049 407 3110 si
433 3050 553 3112 redires
582 3051 817 3134 applicarcsque
842 3066 872 3114 te
899 3056 1175 3135 Jurisprudentiae,

169 3149 289 3211 omissis
303 3151 363 3220 tuis
377 3151 488 3231 nugis,
506 3164 678 3214 memorato
692 3152 848 3215 causidico
860 3175 893 3214 se
907 3158 986 3214 velle
1003 3166 1032 3214 te
1043 3157 1175 3217 mittere.

167 3251 282 3311 Melius
310 3250 343 3313 in
368 3251 442 3318 foro
468 3255 560 3322 fieres
584 3253 704 3321 [tabula
726 3253 861 3316 sorensis
880 3256 1066 3336 profuturus
1087 3254 1172 3338 genti

200 3429 230 3498 *>
249 3439 386 3495 Wageuseil
406 3442 451 3484 und
469 3441 506 3486 die
521 3444 630 3488 Monam.
641 3445 729 3497 pietat.
748 3444 823 3490 haben
836 3448 948 3503 ,ιἰιᾱίοἰο,
966 3459 1015 3490 was
1030 3445 1068 3491 ein
1081 3447 1172 3494 blosser

232 3520 388 3569 Druckfehler
408 3526 445 3578 ist.

182 3610 227 3678 Μ)
248 3623 360 3669 Vulduna
380 3626 427 3668 stat
445 3626 562 3672 Fulrtano.

163 3708 219 3768 atr)
238 3713 376 3768 Wagenseil
401 3717 447 3762 und
473 3716 577 3762 Meiners
599 3719 679 3767 hatten
698 3723 779 3769 diesen
804 3722 858 3770 Sata
886 3726 923 3768 mr
946 3727 1086 3771 verdorben.
1122 3726 1168 3771 Mir

229 3797 323 3840 selreint
352 3812 376 3843 es
407 3800 569 3858 teineswegs,
598 3808 644 3849 und
671 3811 751 3853 ausser
780 3811 822 3853 auf
845 3811 882 3855 dle
909 3824 957 3854 von
985 3810 1096 3855 Molrnilte
1120 3812 1167 3854 und

229 3881 293 3925 lltiln·
319 3884 440 3936 gegebeue
463 3885 545 3932 Weiss
570 3886 626 3932 ltlst
656 3891 703 3936 sich
732 3893 796 3938 diese
821 3894 892 3939 stelle
915 3895 975 3939 uoctr
998 3896 1080 3940 auders
1101 3895 1167 3940 recht

229 3968 268 4021 gul
288 3966 435 4011 tiberselzen
