2640 4634
404 358 472 434 'sd
495 362 596 435 Hutt.
620 359 791 458 Epistola.
961 424 967 436 .
1041 372 1106 440 106

23 628 27 641 ¹
107 553 189 619 inter
208 573 315 628 enses,
337 565 430 636 atque
447 574 506 633 pro
525 555 640 614 calamo
655 552 775 614 ferrum
788 563 929 617 tractare.
967 554 1108 620 Proinde
1137 544 1147 573 ⁴

107 655 249 718 semestri
261 653 455 733 spatiocoepi
468 654 498 729 ³³)
517 653 671 734 cogitare,
692 675 757 737 quo
771 655 902 717 consilio
915 653 1109 736 subriperem

107 752 215 819 rfls‘ex
233 752 494 814 turbulentissima
514 751 687 828 Charibde,
706 757 875 834 praesertim
888 751 949 836 jam
969 777 1002 816 se
1022 756 1109 821 incli-

107 868 201 919 nante
214 853 348 935 collegio
359 855 519 915 hominum
532 855 734 915 literatorum.
766 856 814 916 Ita
825 876 948 917 mecum
961 853 1110 939 cogitanti

107 956 283 1018 redduntur
300 954 394 1014 literae
409 974 427 1014 a
440 953 591 1014 Vuldanis
608 952 668 1030 ³³).
705 955 831 1017 Advolo
855 956 958 1017 media
982 959 1108 1036 hyeme,

107 1053 288 1118 advenienti
300 1065 524 1133 propununtur
541 1053 737 1117 conditiones
751 1056 867 1130 multae,
887 1056 1110 1135 displicuerunt

108 1175 233 1228 omnes3
254 1175 331 1234 ergo
349 1153 510 1217 rediissem
530 1152 563 1214 in
579 1151 765 1237 Durirssiam
779 1155 861 1232 iii),
881 1152 940 1216 nisi
960 1167 1111 1224 Eromius

107 1264 262 1337 Appollo,
284 1266 397 1322 Petrus
414 1263 673 1339 Schamberqius‚
698 1253 800 1317 caeteri
818 1253 950 1318 invitum
965 1256 1110 1338 precibus

108 1354 329 1431 detinuissent,
373 1367 537 1436 tantopere
572 1354 729 1436 displicuit
766 1355 858 1418 ludus
894 1357 1111 1435 scholasticus,

109 1476 205 1538 quem
239 1456 386 1517 nolebant
415 1478 558 1538 separare
586 1476 604 1519 a
634 1453 832 1537 praelectione
864 1455 1111 1535 monachorum,

108 1567 205 1636 prout
223 1557 290 1635 ipse
306 1555 399 1617 enixe
416 1558 588 1637 cupiebam.
628 1557 742 1618 Victus
757 1555 863 1638 itaque
881 1558 1001 1620 orando
1015 1556 1113 1622 mansi

108 1674 221 1735 praeses
243 1656 359 1736 gemini
375 1657 458 1732 ludi,
488 1680 547 1737 pro
563 1658 708 1720 mercede
725 1675 743 1714 a
760 1656 986 1739 Kirchbergio,
1018 1678 1113 1742 quent

108 1767 210 1817 totum
236 1758 337 1818 habeo
362 1777 547 1834 aureorum,
579 1755 710 1818 vestinis
734 1754 841 1830 aulici,
872 1777 890 1816 a
910 1757 1039 1821 Juribus
1056 1759 1112 1824 fio.

110 1857 217 1919 Xllll.
234 1878 305 1919 cum
317 1857 447 1940 reliquis
461 1856 652 1932 corollariis,
673 1876 738 1918 non
756 1855 923 1919 numeratis
938 1856 1112 1940 quisquiliis

110 1957 327 2036 superstitibus
343 1980 361 2018 a
375 1978 472 2041 grege
484 1957 677 2021 scholastico.
715 1957 811 2030 Vale,
832 1967 863 2016 ct
875 1978 944 2039 qua
961 1955 1111 2024 abamico

110 2055 233 2119 sincero
264 2058 335 2119 alias
360 2058 536 2139 castigatius
561 2058 756 2132 scribuntur,
786 2055 853 2118 sine
881 2053 1002 2120 arbitris
1024 2058 1111 2141 lege,

111 2155 171 2217 scis
196 2177 289 2238 quem
319 2180 440 2220 morem
466 2159 500 2221 in
529 2157 695 2219 scribendo
721 2169 825 2219 tecum
849 2157 996 2234 habeam,
1031 2160 1115 2240 apud

110 2256 187 2318 alios
201 2266 275 2320 utor
286 2260 388 2342 aliqua
397 2259 572 2340 diligentia,
594 2271 697 2320 tecum
712 2259 863 2321 duntaxat
881 2258 996 2323 verbis.
1024 2260 1113 2322 Vale.

184 2412 242 2475 ΙΙΙ.
261 2414 362 2476 Nonis
382 2415 557 2476 Februarii.
576 2415 638 2479 An.
657 2413 705 2476 M.
725 2412 766 2476 D.
785 2413 845 2480 Xl.

115 2558 279 2572 Μ

145 2650 169 2698 ⁴³)
186 2650 218 2695 M.
236 2663 258 2706 p.
275 2651 322 2695 und
339 2650 379 2695 W.
399 2651 458 2704 cept.

137 2741 174 2790 ”l
192 2754 211 2787 s.
229 2743 267 2788 die
286 2743 368 2800 vorige
385 2743 542 2811 Anmerkrug.

124 2826 176 2876 ml
194 2828 254 2872 statt
273 2829 441 2887 Thurtnps'am.
