2640 4634
413 378 468 457 ld
493 383 674 456 Phachum
698 381 871 481 Epistola.
1086 387 1149 459 145

206 573 234 635 si
253 576 307 632 fuit
326 593 364 631 ex
383 578 443 632 lato
454 613 463 645 ,
492 586 524 631 ut
542 587 622 632 lotos
640 574 717 632 male
736 578 850 632 viveret
870 595 980 644 annoS,

275 680 417 750 Optatum
437 687 502 746 est,
532 681 612 748 quod
631 687 689 731 tam
709 679 823 731 corruit
841 678 888 730 ille
908 679 979 732 cito.
1050 742 1053 749 Ι

207 777 275 850 Ipse
297 795 365 832 suas
384 779 476 831 coluit
493 795 548 847 per
570 779 650 831 millo
668 779 799 847 pericula
818 779 942 846 Musa8‚

271 879 311 933 Et
328 879 427 949 quanti
445 879 540 949 potuit
559 879 697 933 carminis
717 888 803 932 autor
821 888 893 933 erat.

213 1068 314 1133 Paulo
334 1074 508 1150 posthaec,
534 1083 623 1150 capta
642 1072 681 1132 ab
700 1074 854 1135 Helvetiis
875 1075 972 1148 urbe,
1004 1086 1154 1154 tanquam

140 1172 196 1255 qui
222 1183 321 1233 eastra
341 1172 501 1232 Gallorum
528 1171 619 1252 sequi
647 1172 756 1233 solitus
784 1194 901 1247 essem,
934 1175 1001 1252 ipse
1021 1193 1153 1255 quoque

140 1284 248 1352 captus
274 1292 365 1346 sum,
394 1272 543 1352 spoliatus
572 1283 605 1332 et
635 1272 851 1334 miserabiliter
880 1273 952 1334 hino
980 1273 1053 1334 inde
1082 1293 1155 1352 per·

138 1383 275 1445 tractus,
314 1373 417 1433 donee
444 1370 589 1445 tamlem,
629 1372 746 1453 amissis
779 1372 966 1454 quibusdam
1000 1371 1092 1434 bonis
1123 1383 1156 1433 et

139 1472 302 1553 pecuniis,
331 1471 491 1533 liberatus.
530 1472 630 1553 Igitur
656 1472 728 1533 hine
752 1475 896 1549 solvens,
926 1475 1049 1534 deserta
1075 1473 1156 1534 urb'e

141 1593 235 1634 omne
255 1591 354 1654 genus
375 1573 474 1632 turbis
496 1583 662 1649 occupata,
690 1572 863 1652 sanguine,
894 1573 976 1634 fame
1003 1585 1035 1633 et
1060 1572 1156 1652 pesti-

140 1670 236 1734 lenlia
255 1671 385 1745 infecta,
416 1670 594 1732 Bononiam
619 1686 727 1730 mense
748 1672 830 1732 lulio
852 1673 938 1751 petii.
977 1673 1157 1734 Bononiam

140 1773 270 1854 inquam
287 1770 364 1833 illud
383 1770 625 1851 pulcherrimum
645 1768 898 1833 doctissimorum
918 1772 1062 1832 virorum
1080 1793 1157 1832 con·

140 1870 355 1932 venticulum:
386 1868 442 1931 ubi
461 1881 528 1929 tuas
547 1869 650 1929 literas
670 1883 833 1949 exspecto.
872 1873 936 1933 Sed
960 1892 1026 1932 non
1049 1873 1157 1952 quales

141 1971 251 2034 scribis
279 1971 318 2030 all
344 1969 515 2052 Gregarios
543 1968 657 2030 amicos
680 1969 779 2031 tribus
807 1982 859 2032 aut
887 1982 1025 2053 quatuor
1051 1970 1157 2031 verbis

143 2066 319 2132 absolvens.
357 2072 437 2132 Vale
463 2082 494 2130 et
520 2080 551 2130 te
579 2088 671 2145 eura,
699 2093 749 2132 me
776 2092 861 2132 nune
881 2071 1039 2132 Medicus.
1076 2071 1157 2129 Vale

143 2169 268 2234 ilerum.
307 2169 640 2250 xl1.Ca1.Septe1nh.
677 2180 827 2236 Bononiae
846 2171 986 2234 breviter
1006 2190 1047 2231 ex
1065 2189 1155 2230 more

143 2282 180 2334 et
195 2270 409 2334 Familiariter.
437 2271 546 2348 (1512).
