2640 4634
547 381 647 478 Elcg.
675 385 712 452 V.
774 470 777 475 Ι

144 572 211 626 Nos
231 573 325 625 tenuis
346 573 441 626 victus
462 572 492 637 *)
511 581 539 627 et
558 577 641 627 famae
660 577 758 646 portio
778 589 900 648 quauta,

212 665 282 719 Non
303 666 377 718 sinit‘
390 667 518 718 excelsis
538 667 656 720 officere
680 671 812 738 ingeniis.

144 761 212 814 Neo
230 768 315 829 potes
336 774 374 811 ex
393 759 448 811 isto
468 761 595 828 spolium
616 763 777 832 decerpere
799 765 897 831 bello,

211 854 347 904 Arcanos
358 891 366 916 ,
386 852 505 918 nescis,
524 870 572 905 res
591 854 680 906 habet
699 857 751 907 ista
772 868 865 908 metus
876 877 886 923 3

144 947 215 999 Sunt
233 945 318 997 etiam
336 943 423 1007 nobis
443 945 581 1009 auimos'ae
601 946 629 997 iu
647 949 748 1016 proelia
768 951 865 1015 vires,

211 1037 249 1090 Et
267 1038 323 1090 tela
346 1037 442 1089 ultrici
462 1039 641 1091 discutienda
660 1058 771 1108 mauu3

144 1130 210 1184 Nec
229 1131 293 1183 leve
312 1132 347 1182 de
364 1139 468 1183 nostro
488 1132 579 1198 surgit
597 1133 749 1185 molimine
770 1133 895 1199 vuinus,

177 1214 191 1225 ”
211 1221 298 1274 Livet
316 1220 362 1288 **)
382 1230 409 1274 et
428 1223 539 1291 absque
560 1225 640 1275 omni
659 1226 741 1294 plaga
762 1227 910 1291 relaufrutt
930 1245 1006 1296 ope,

146 1315 242 1387 Quam
263 1294 359 1382 afflue
380 1315 511 1367 restituat
531 1316 629 1368 mixtis
650 1317 827 1385 Podalyrius
847 1320 967 1387 herbis,

212 1408 277 1460 Nec
295 1406 402 1460 Phoebi
424 1409 514 1478 patria
540 1418 623 1464 curet
642 1410 775 1468 alumnus
796 1428 872 1478 ope,

146 1500 242 1573 Quam
260 1501 336 1554 male
358 1513 539 1572 componant
561 1503 640 1555 docti
659 1502 853 1556 medicamina
878 1503 973 1556 Criuae
994 1503 1067 1576 μίἢ,

212 1594 285 1666 Quas
305 1594 386 1646 refici
408 1596 473 1648 Coo
492 1595 566 1646 nolit
585 1595 621 1646 ab
643 1595 833 1664 Hippocrate.

144 1685 232 1740 Verte
252 1687 383 1754 animm,
403 1697 470 1739 sunt
489 1697 516 1739 rt
533 1687 644 1739 nostris
664 1702 715 1738 sua
736 1688 857 1761 vulnera
877 1689 959 1754 telis,

209 1779 247 1832 Et
266 1780 389 1831 nimium
409 1779 489 1852 duris
509 1779 619 1832 scimus
639 1780 748 1832 obesse
767 1782 873 1838 modis.

143 1875 221 1940 Aut,
238 1872 262 1924 si
281 1871 359 1923 uuila
378 1872 428 1924 tibi
451 1873 541 1941 pietas
552 1912 560 1938 ‚
580 1881 607 1924 et
625 1872 732 1924 laedere
750 1864 856 1941 quaeiis
867 1914 876 1941 ‚

195 1965 245 2018 .Et
264 1965 398 2034 requiem
419 1965 521 2017 studiis
540 1983 600 2018 uon
620 1965 689 2018 sinis
710 1981 775 2018 esse
799 1966 893 2031 meis,

92 2076 97 2084 ·
142 2059 254 2111 Addam
272 2042 330 2110 teia
348 2057 425 2124 tuis,
446 2068 531 2128 atque
550 2075 630 2110 arma
650 2068 753 2111 coacta
772 2075 938 2125 resumam,

208 2152 334 2220 Adjuvat
353 2152 477 2214 insultus
496 2161 554 2203 tam
573 2152 651 2203 boua
669 2168 756 2211 causa
775 2168 879 2218 meos3

143 2245 253 2297 Addam
273 2246 372 2297 Marte
391 2245 490 2312 vices,
510 2261 640 2314 ausuque
660 2244 800 2310 remetiar
818 2259 925 2310 ausuS,

207 2338 245 2391 Et
264 2337 423 2407 reprimam
442 2338 551 2408 Stygias
570 2338 597 2400 iu
617 2346 664 2390 tua
682 2327 763 2403 terga
782 2338 874 2389 faces.

143 2431 220 2502 Quid
237 2432 300 2483 tulit
319 2448 334 2482 e
354 2431 443 2484 nobis
463 2430 591 2493 violenta
610 2429 735 2489 Lossius
755 2429 814 2494 ira,

206 2523 357 2594 Expertus
377 2524 456 2576 vires
480 2525 508 2575 in
527 2541 592 2575 mea
612 2525 669 2575 fata
691 2523 783 2588 suas?
803 2532 805 2536 “

142 2616 226 2668 Hunc
246 2633 299 2683 ego
319 2615 449 2685 perfregi
472 2615 625 2681 totamque
645 2611 701 2664 sub
722 2611 818 2662 infima
837 2612 946 2675 mersi,

208 2709 235 2760 Si
257 2708 352 2777 sapis,
367 2707 512 2780 »exemplo
534 2704 648 2767 cautior
664 2703 753 2769 hujus
776 2702 844 2761 eris.

141 2801 168 2854 Si
186 2811 309 2870 possent
327 2800 443 2853 levibus
462 2799 561 2868 peragi
579 2813 644 2852 mea
663 2804 786 2866 pectora
805 2792 888 2859 telis,

207 2894 332 2947 Lossius
356 2894 410 2959 iste
429 2892 521 2958 mihi,
541 2891 621 2961 quod
640 2890 720 2960 cupit
739 2905 822 2955 esse,
843 2888 930 2940 foret.

139 2985 213 3051 Sed,
233 2986 300 3053 quia
318 2985 517 3053 nequidquam
535 2983 642 3036 vestris
661 2982 826 3039 invadimur
848 2979 951 3042 amnia,

207 3077 384 3136 Consultum
404 3083 448 3128 est
465 3075 530 3139 telis
550 3074 725 3129 abstinuisse
745 3073 829 3126 tuis·

190 3259 212 3305 ⁹⁵)
231 3255 248 3299 1.
267 3255 288 3297 d.
307 3251 461 3308 Autograph:
480 3248 567 3296 victos.

173 3345 200 3370 ⁹⁶*
232 3342 257 3385 J.
276 3342 296 3383 d.
315 3341 343 3383 D.
355 3353 363 3381 :
384 3339 452 3381 linet.
984 3373 988 3375 Δ

162 3347 215 3476 *ui
232 3425 275 3469 Eiu
298 3425 359 3467 Arzt
383 3434 424 3466 aus
449 3419 568 3465 Marseille
594 3431 624 3463 zu
652 3418 730 3473 Rom,
761 3414 866 3462 welcher
884 3408 1021 3465 astrologia
1045 3407 1088 3452 mit
1111 3407 1152 3450 der

231 3508 362 3554 Heilkuade
380 3507 491 3558 verbaud.
510 3527 543 3538 -·
