2670 4628
163 369 235 441 att
417 363 476 434 De
502 383 578 433 nen
602 360 777 456 degeneri
802 372 897 433 statu

163 559 231 616 Nec
249 558 346 612 minus
365 555 427 610 hec
446 554 572 608 ducibus
594 570 672 607 curae
694 561 755 620 est,
779 555 848 609 dant
864 557 984 626 praemia
1004 556 1102 613 doctis

162 651 297 716 Passim,
314 649 491 704 Academias
510 655 656 713 statuunt,
677 655 705 700 et
721 648 891 702 honoribus
911 658 1016 718 augent

163 745 332 814 Altiloquos
351 752 433 796 vates
440 781 449 808 ,
469 758 503 794 ac
520 739 642 792 Musica
660 755 744 794 sacra
763 742 932 811 professos.

162 837 349 906 Ingeniisque
368 837 467 889 favent
484 842 637 887 mansueta
656 833 741 901 fruge
760 834 905 889 colendis.

162 931 234 984 Sunt
251 940 350 983 tamen
371 929 481 982 interea
491 967 500 994 ,
524 927 550 980 si
567 943 626 996 qua
641 927 844 981 intercesserit
862 928 919 982 iliis

162 1024 258 1077 Causa
274 1038 381 1076 reeens
400 1020 518 1086 studiiS,
541 1019 590 1090 qui
610 1019 708 1089 prisea
727 1020 844 1088 negotia
863 1029 1008 1088 tractent,

160 1116 292 1185 Jamque
309 1116 416 1167 iterum
435 1113 510 1166 fines
530 1112 692 1178 Italorum,
712 1121 740 1164 et
757 1111 867 1166 Martia
885 1131 977 1182 regna

161 1209 262 1263 Caesar
280 1208 355 1273 adit,
374 1215 519 1277 motoque
538 1205 637 1258 animo
657 1220 724 1258 sese
744 1203 850 1258 obtulit
869 1208 979 1271 armis,

160 1301 199 1356 Ut
217 1302 364 1355 Venetum
382 1301 490 1365 luxus,
508 1313 674 1366 vanamque
692 1296 744 1349 ubi
761 1299 905 1366 presserit
923 1299 1015 1367 iram,

137 1450 140 1454 Α
160 1394 323 1459 Ostendat,
342 1408 450 1462 pacem
468 1389 517 1459 qui
537 1389 705 1455 admiserit,
726 1407 807 1442 arma
826 1409 886 1460 prae
906 1408 994 1446 orsas

158 1486 231 1541 Non
251 1486 338 1537 etiam
356 1483 491 1536 timuisse
511 1481 624 1547 minae,
643 1482 776 1550 potuisse
796 1483 824 1535 in
844 1496 1002 1556 utramque

158 1578 236 1632 Esse
256 1577 357 1630 animo
375 1582 530 1628 constante
549 1574 665 1640 vicem,
680 1574 743 1642 jam
762 1575 904 1629 discimus
923 1587 1022 1646 artes,

159 1669 343 1736 Scribimus,
363 1675 392 1719 et
409 1682 512 1720 serum
530 1682 590 1719 nos
606 1668 853 1722 commendamus
873 1668 901 1722 in
921 1687 1038 1738 aevum,

158 1763 308 1831 Famaque
330 1768 520 1828 compertum
542 1767 606 1826 est,
625 1768 768 1828 quantum
785 1777 834 1814 res
855 1763 973 1830 adjuvet
991 1763 1086 1832 istas,

160 1853 236 1928 Quae
260 1870 329 1907 cum
348 1870 420 1906 cura
438 1852 512 1906 levis
531 1853 644 1906 nostris
663 1852 829 1921 majoribus
849 1869 935 1921 esse,

158 1948 234 2001 Acta
253 1947 363 1999 dueum
381 1945 489 2013 tacuit,
508 1962 565 1998 nee
584 1945 654 2014 quid
673 1944 836 2018 Germania
854 1963 957 2000 rerum

156 2039 279 2109 Egerit,
299 2037 466 2108 invictaque
484 2054 574 2091 manu
593 2053 666 2107 quas
685 2037 799 2107 ceperit
816 2038 929 2106 urbes,

159 2132 247 2204 Quos
267 2130 382 2183 dederit
399 2131 460 2183 leto
479 2146 585 2197 reges,
605 2140 633 2181 et
650 2130 756 2182 vicerit
772 2131 895 2198 hostes,

109 2257 112 2263 -
159 2223 245 2275 Scire
263 2224 358 2275 datur.
393 2223 503 2291 Neque
525 2221 608 2274 euim
627 2221 941 2294 scriptiscalamoque
960 2227 1113 2283 vocabant

158 2315 285 2368 Utiliora
304 2313 394 2368 armis
413 2314 524 2378 corda,
544 2322 573 2366 et
589 2314 797 2383 praestantibus
817 2317 898 2372 actis.

157 2406 267 2462 Maluit
287 2406 335 2458 ilia
355 2417 441 2474 aetas,
462 2423 550 2478 quam
571 2390 724 2474 seribere,
743 2408 831 2462 nitier
849 2411 950 2464 armis.

157 2499 317 2569 Ederequc
338 2499 476 2575 insignpeis
487 2540 500 2567 ,,
516 2501 597 2570 quod
616 2499 765 2573 scriberet
783 2501 893 2570 altera,
911 2521 1040 2574 pugnas,

159 2591 248 2666 Quod
269 2593 415 2647 sinestra
434 2592 552 2661 forent,
571 2593 694 2647 victuris
713 2602 794 2662 gesta
811 2593 920 2649 libeliis

158 2685 273 2756 Scripta
291 2684 372 2739 velut
388 2685 499 2753 Latiae,
522 2685 603 2738 velut
621 2685 716 2755 ampla
735 2678 888 2742 voluniina
907 2688 1004 2744 Graiae

157 2778 316 2831 Cernimus
335 2777 486 2844 historiae,
505 2795 567 2831 non
587 2786 700 2830 tantum
719 2777 785 2830 haec
804 2779 907 2832 ultima
926 2783 1039 2837 scirent

159 2870 282 2934 Secula,
302 2869 487 2921 Teutonicas
506 2868 615 2938 Alpino
636 2869 663 2920 in
682 2869 796 2921 vertice
815 2887 939 2940 pugnas.

159 2961 415 3030 Cimbrorumque
435 2977 561 3025 manus,
580 2969 608 3013 et
626 2975 703 3030 quos
722 2970 784 3013 tum
804 2961 925 3016 foemina
944 2974 1060 3035 strages

156 3053 342 3122 Miscuerit,
363 3055 549 3124 fractumque
572 3053 647 3108 dolis
666 3071 729 3107 non
747 3054 862 3110 viribus
880 3057 1020 3126 hostem,

157 3146 222 3201 Ter
240 3148 392 3218 victasque
412 3148 490 3202 acies
510 3149 613 3216 italas,
633 3148 778 3218 orbisque
796 3161 932 3204 retusum

80 3310 86 3318 ⁸
154 3237 268 3306 lugenti
288 3248 406 3294 terrore
429 3251 527 3312 eaput.
565 3241 757 3314 Romamque
776 3244 949 3309 timentem,

153 3328 350 3402 Feraiemquc
370 3331 453 3390 urbis
472 3334 645 3404 planctum,
665 3352 729 3404 quae
750 3345 844 3388 castra
864 3334 1011 3389 cohortes

153 3422 263 3492 Syllani
283 3425 434 3492 dederint,
455 3441 528 3496 quas
547 3425 648 3495 Caepio
669 3427 797 3480 senserit
816 3428 887 3481 iras.

153 3513 252 3583 thue
272 3518 339 3587 fuga
358 3516 437 3586 turpi
456 3517 563 3588 patrius
583 3518 754 3588 repetiverit
775 3537 863 3576 arces

151 3606 307 3677 Manlius,
327 3610 429 3663 attritae
449 3625 514 3680 quae
534 3610 703 3679 desperatio
723 3610 840 3670 Romae.

152 3698 249 3772 Quale
269 3703 396 3756 Dionaeo
418 3702 627 3755 confectuma
646 3704 764 3756 Caesare
782 3704 916 3769 bellum,

152 3791 227 3864 Quae
246 3795 368 3846 vixdum
387 3793 443 3846 visi
463 3793 552 3847 fuerit
570 3793 695 3848 victoria
712 3796 831 3863 Rheni,

69 3878 72 3883 '
149 3879 338 3954 Mentitaque
361 3887 455 3952 fugae,
476 3893 506 3936 et
523 3884 613 3952 ccepti
631 3886 734 3941 solatia
752 3887 864 3958 pontis.

150 3974 274 4029 Vindice
293 3988 325 4031 ut
341 3975 479 4033 Arminio
498 3975 606 4030 celeris
624 3995 720 4049 prope
738 3996 809 4035 rura
828 3974 984 4045 Visurgi8‚
