2640 4634
439 462 445 471 -
468 406 729 509 Panegyricus.
1034 406 1111 505 ,284

100 607 278 678 Resplrem,
301 607 376 663 ferat
393 602 441 661 illa
461 606 587 672 domus,
610 621 670 674 quo
690 603 784 657 ablata
803 600 918 656 renasci

100 703 172 772 Spes
191 711 298 770 queat,
315 702 377 756 hoc
396 700 544 755 redivivus
561 698 665 751 honor.
680 698 716 751 de
736 697 857 750 nomine
876 701 994 763 surgat,

99 796 170 848 llaec
190 794 320 849 Gradive
341 807 442 862 pater,
458 793 483 847 si
500 809 563 849 nou
582 789 756 861 praesentius
773 789 841 843 ullis
1012 773 1017 781 ’

97 887 219 942 Numen
235 886 328 938 habea
345 886 449 952 terrie,
472 883 497 937 ai
513 883 609 954 prima
627 883 663 936 ab
683 883 797 952 origine
814 882 909 951 gentis

78 1040 80 1044 ¹
97 976 198 1034 Prona
217 979 258 1031 fui
269 1019 277 1046 ,
301 977 552 1048 sernperquetuis
571 976 704 1030 obnoxia
722 977 831 1042 sacris,

96 1069 158 1127 Per
175 1071 281 1126 Marmi
301 1071 438 1125 sobolem
449 1104 459 1136 ,
482 1079 625 1140 natosque
644 1069 827 1123 Thuiaconis
846 1081 968 1133 onmes,

95 1165 226 1234 Pignora
244 1166 331 1236 plena
350 1166 410 1232 tui,
428 1165 522 1219 surdo
542 1174 611 1218 vota
630 1179 728 1216 assere
749 1161 848 1215 coelo.

94 1257 225 1323 Dixerat¹
240 1257 325 1326 haec,
344 1258 460 1328 fusique
479 1258 565 1310 Deos
583 1273 708 1311 movere
728 1264 885 1325 precatus,

96 1349 305 1420 Continuoque
324 1350 399 1420 patri
416 1351 480 1403 data
498 1366 613 1405 summa
632 1348 750 1417 negotia
766 1348 880 1413 Marti,
929 1408 932 1413 ,
960 1412 963 1417 Ι

96 1442 190 1495 Solari
209 1442 377 1511 attonitam„
401 1453 429 1496 et
447 1443 564 1499 celeres
583 1459 726 1513 respousa
745 1457 798 1512 per
818 1456 904 1495 auras

94 1534 204 1600 Ferre,
223 1536 300 1586 siout
312 1536 476 1601 lacrimas,
496 1547 524 1588 et
541 1536 624 1590 luctu
643 1543 739 1588 cesset
759 1533 859 1602 inani,

94 1627 220 1695 Adjiciat
238 1626 303 1678 fatis
321 1627 474 1692 animum,
494 1628 665 1681 consideret
683 1628 712 1679 in
731 1642 791 1696 quo

95 1719 156 1773 Sint
173 1719 300 1770 humana
319 1727 395 1769 statu
404 1755 414 1781 ,
432 1719 516 1783 vitae,
535 1717 699 1786 mortisque
718 1716 921 1785 propinquum

94 1812 189 1865 Retro
210 1811 285 1877 legat
302 1807 445 1878 spatium,
462 1819 527 1862 turn
543 1825 632 1879 quam
652 1808 772 1861 crudele
792 1822 971 1887 necessum¹

93 1904 162 1958 Vim
180 1911 280 1970 gerat,
299 1900 328 1952 in
347 1917 425 1971 quos
441 1901 590 1961 declinent
608 1900 744 1953 mortalia
762 1898 853 1967 fines,

96 1996 205 2070 Quove
224 1994 252 2046 lu
271 2010 302 2045 se
321 1993 443 2047 redeant
460 2009 561 2061 nexu,
580 2004 611 2047 tu
629 2011 666 2055 ne
686 1993 775 2049 inscia
795 2010 916 2059 rerum,

94 2089 181 2141 Mars
199 2087 255 2152 ait,
279 2086 409 2141 insuetos
427 2095 565 2156 tanquam
584 2086 742 2153 mirabere¹
755 2101 859 2153 casua,

96 2179 170 2255 Quae
189 2197 268 2233 nunc
288 2179 459 2234 eveniunt?
472 2179 558 2233 tantis
577 2180 710 2233 exercita
730 2179 795 2233 fatis

93 2274 162 2328 Fata
184 2273 381 2329 reformidas?
403 2272 546 2333 etadhuc
566 2273 705 2342 exempla
722 2271 866 2343 requiris,

93 2367 177 2421 Unde
196 2382 308 2432 novas,
328 2364 420 2418 oblita
437 2366 494 2433 tui,
513 2366 611 2419 solere
630 2366 749 2420 ruinas?

94 2460 160 2514 Nec
178 2467 278 2511 vetera
298 2460 484 2511 occurrunt?
511 2468 540 2509 et
558 2474 623 2526 quae
642 2458 757 2525 majora
775 2451 898 2511 dolendi

95 2553 293 2605 Instrumenra
314 2549 436 2601 forent?
465 2557 529 2600 esto
548 2548 638 2601 dolor
655 2548 742 2600 altior
760 2548 836 2612 intra

94 2642 216 2698 Viscera
236 2639 366 2693 radicem
382 2639 508 2708 jacturae
525 2639 634 2693 vixerit
650 2637 739 2706 hujus
749 2677 760 2705 ,

96 2736 204 2804 Tuque
224 2732 314 2800 magis
336 2748 439 2785 casum
458 2733 560 2786 doleas
579 2747 618 2786 ex
636 2731 777 2784 omnibus
796 2731 897 2789 istum.
932 2786 935 2791 ,

94 2825 235 2882 Fatorum
254 2843 292 2878 ne
311 2842 399 2896 pares
417 2826 619 2895 irrefragabile
637 2840 748 2877 numen

96 2920 234 2987 Cogere?
265 2930 295 2971 et
314 2931 437 2979 aeternas
456 2931 539 2984 retro
559 2921 699 2973 diducere
717 2919 824 2987 legen?

94 3011 314 3079 Firmatamque
335 3013 457 3065 colum?
473 3014 626 3081 ‚quodque
644 3011 844 3073 irrevocabile
862 3028 990 3082 pensum
1011 3017 1076 3069 est?

96 3103 254 3158 Germanae
272 3102 389 3156 virtutis
408 3111 489 3170 crat,
519 3090 866 3170 contemnere'mortea‚

94 3195 278 3264 Despicere‚
306 3203 392 3265 atque
412 3212 517 3249 omnes
539 3197 616 3248 infra
633 3213 666 3251 se
684 3212 798 3266 ponere
818 3213 917 3266 casus.
971 3256 974 3265 ‚

94 3291 153 3342 Aut
173 3287 309 3339 Cimbras
330 3285 442 3340 imitare
462 3299 526 3342 tuat
543 3287 612 3359 (tibi
631 3288 921 3363 foeminamagnurn

95 3379 233 3435 Condidit
251 3378 439 3450 exemplum)
460 3390 508 3433 aut
526 3381 689 3437 Germania
708 3382 785 3435 velle
808 3383 911 3447 vocari

94 3474 226 3540 Desine,
253 3474 334 3542 quod
353 3482 509 3542 superest,
536 3485 569 3528 ut
588 3492 644 3545 qua
664 3476 805 3529 mercede
827 3474 974 3546 rependas

94 3568 228 3634 Funera,
258 3582 493 3632 moeroremque
515 3576 616 3634 tuum,
643 3584 772 3637 praesaga
793 3568 884 3623 futuri

94 3660 142 3716 Ne
162 3670 243 3729 pete,
265 3659 328 3726 jam
346 3668 448 3711 natum
470 3668 532 3726 eut,
561 3677 621 3731 quo
641 3677 674 3714 se
692 3669 740 3714 tua
757 3661 850 3730 gloria
869 3659 978 3730 raassim

94 3751 259 3819 Prorogat,
285 3751 347 3821 ipsa
366 3750 449 3804 vides
467 3753 592 3820 geminis
612 3770 628 3805 e
647 3753 789 3809 fratribus
808 3763 894 3809 ortos

96 3843 172 3895 Hinc
192 3856 277 3912 atque
293 3844 367 3899 hinc
383 3860 515 3914 pueros,
544 3845 641 3900 felicia
659 3846 783 3917 pignora
802 3856 946 3914 matrum,

94 3934 164 3987 Jam
182 3951 310 4005 parvos,
338 3945 367 3990 et
384 3937 529 4006 siguaeui
547 3956 608 4010 prae
626 3955 659 3992 sc
676 3938 773 4008 ampla
792 3941 943 4010 ferentes²¹

95 4028 179 4082 Haud
197 4045 254 4081 una
272 4027 318 4082 his
336 4029 447 4099 tellue,
476 4047 533 4089 una
550 4032 630 4089 haud
643 4047 681 4101 ee
698 4031 777 4100 regia
794 4031 893 4087 debet.
