2640 4634
577 369 784 449 Hernicum.
1135 385 1173 453 92

170 566 194 623 ‚C
212 564 320 635 quibus
339 571 400 628 est,
418 561 551 632 produc:
569 576 627 619 nec
648 562 705 617 erit
726 562 837 631 breve,
856 565 902 619 lac
920 565 1031 632 breve,
1050 565 1148 637 donce

167 656 222 713 llic
239 657 354 710 varium
373 663 418 708 est
438 655 598 719 easu,·sed
617 656 683 721 fac,
703 656 752 724 qui
774 656 920 727 corripis,
939 659 1027 715 audes

165 749 279 806 Nescio
300 748 369 818 quid
388 747 527 813 dubium,
545 746 651 814 legitur
669 755 769 804 tamen
787 751 866 819 haud
884 752 977 804 semel
996 752 1076 808 illud.

163 913 189 972 L
208 910 340 964 breviter
356 922 469 978 pones,
487 905 543 973 nil,
562 907 629 974 sol,
649 909 674 963 si
693 911 851 980 exceperis
871 909 948 983 inde,

163 1079 270 1135 Omnia
289 1077 317 1129 in
335 1074 484 1142 utendis:
508 1088 592 1128 sume
610 1070 672 1127 hoc
694 1089 733 1128 ex
752 1075 855 1135 ordine
875 1078 996 1147 forsan,

160 1172 200 1240 Et
216 1182 331 1236 tamen,
351 1169 438 1236 exin,
456 1175 485 1220 et
502 1166 547 1233 in,
565 1165 671 1234 viden,
691 1183 744 1235 an,
764 1181 965 1240 crescensque
984 1171 1116 1242 secundo

160 1267 195 1324 In
214 1279 285 1323 casu
304 1280 413 1325 nomen
424 1301 433 1328 ,
455 1261 499 1329 sic
518 1267 623 1328 pecten
642 1259 766 1329 pectinis
786 1269 871 1329 auget

95 1353 98 1360 ’
161 1359 237 1411 Cum
256 1373 360 1424 syren,
381 1355 460 1424 capis
478 1353 549 1407 hinc
566 1352 698 1421 hymen,
718 1354 883 1425 productus
902 1352 978 1414 inin
997 1364 1053 1413 stat

158 1449 290 1516 Rectus,
308 1449 336 1501 in
355 1449 384 1501 in
403 1455 523 1516 quartus
541 1445 642 1499 brevis
663 1456 723 1513 est,
744 1447 781 1503 ita
799 1448 896 1517 tygrin
914 1446 1052 1515 habebis,

157 1611 187 1665 R
205 1615 342 1677 correpta
361 1606 460 1684 venit,
480 1615 595 1672 crater,
614 1606 784 1677 estherque,
803 1608 967 1665 character.

158 1702 221 1755 Cur
239 1711 267 1754 et
284 1700 368 1767 iber,
387 1709 567 1769 pariterque,
586 1707 695 1764 stater,
714 1699 891 1768 producitur
909 1711 937 1754 et
955 1704 1021 1770 fur,

154 1799 233 1869 Aer,
251 1810 320 1860 nar,
338 1809 408 1858 ver,
429 1806 559 1861 parque,
579 1799 607 1843 et
625 1790 661 1843 ab
679 1788 741 1843 hoc
759 1791 790 1844 lit
808 1792 920 1854 mobile
939 1795 963 1848 si
982 1793 1073 1864 quod,

155 1889 239 1944 Adde
259 1887 315 1940 illis
333 1888 394 1953 lar,
414 1888 517 1955 larque
536 1883 640 1950 simul,
660 1899 716 1936 cor
736 1883 782 1949 (ut
801 1882 925 1952 ingeris)
944 1895 1042 1956 aptum
1061 1894 1106 1941 est

154 1979 300 2035 Versibus
317 1997 352 2033 an
371 1989 468 2054 tamen
485 1978 546 2035 huc
570 1975 710 2044 (dubium
722 1977 782 2045 est)
801 1977 889 2030 dolor
908 1986 937 2032 et
955 1978 1051 2032 simile
1064 1978 1162 2035 addas.

153 2138 303 2197 Omnibus
322 2155 353 2192 as
371 2139 494 2207 longum
511 2147 573 2206 est,
596 2152 684 2193 secus
705 2146 769 2207 est,
792 2136 845 2195 ubi
861 2134 1012 2213 lampadas
1029 2137 1143 2212 inquis,
1160 2108 1170 2117 ’

151 2234 249 2307 Pallas
270 2242 298 2286 et
316 2247 419 2298 arcas,
438 2241 467 2305 et
484 2231 513 2285 in
533 2231 640 2307 Grais,
659 2247 723 2303 quae
741 2228 809 2293 talla
823 2224 938 2323 „llum

149 2394 193 2450 Es
212 2396 334 2462 longum
351 2403 432 2451 vates
450 2406 598 2463 posuere,
618 2387 670 2462 ubi
687 2392 800 2464 patrius
817 2398 912 2463 suget.

150 2489 188 2543 Se
207 2473 339 2540 breviter
357 2503 462 2551 casus,
480 2487 566 2540 miles
584 2487 664 2553 velut
682 2496 743 2552 est,
763 2486 924 2548 breviatur..

149 2581 287 2650 Inquies,
304 2595 339 2632 es
359 2578 506 2646 verbum,
525 2593 616 2649 penes
636 2586 664 2630 et
679 2578 802 2646 pluralia
821 2578 946 2645 Graeca,

148 2677 204 2727 Ast
222 2674 315 2739 aries,
334 2671 449 2742 paries,
469 2669 550 2725 abies
568 2668 649 2736 lege,
666 2668 754 2737 longa
774 2669 936 2739 Ceresque,

147 2761 289 2838 Resque,
308 2763 398 2831 fides,
416 2771 446 2817 et
462 2778 549 2836 speS,
562 2779 640 2835 cum
660 2777 730 2833 pes,
749 2759 834 2832 bipes
853 2760 919 2816 inde
937 2769 1034 2831 tamen
1053 2760 1099 2816 sit.

145 2945 176 3003 ls
195 2948 317 3020 brevia,
335 2949 495 3017 trahimus,
515 2946 612 3007 sicubi
631 2945 775 3018 genitivus
795 2947 922 3012 abundat

145 3043 223 3104 Cum
241 3042 347 3107 longa,
364 3050 397 3095 ut
415 3041 524 3095 samnis
542 3042 692 3111 samnitis,
711 3042 796 3109 iunge
814 3042 975 3097 secundam

142 3130 313 3190 Personam
330 3131 434 3197 verbi,
454 3132 500 3197 cui
519 3131 674 3185 declinatio
695 3143 797 3201 quarta
816 3143 870 3191 est.
940 3158 943 3165 ·

143 3227 222 3279 Cum
239 3221 297 3294 sis,
318 3238 435 3292 cunque
453 3221 545 3288 velis,
563 3223 608 3277 vis
626 3233 655 3288 et
671 3222 879 3292 monosyllaba
897 3228 1013 3290 cuncta.

141 3321 257 3393 Praeter
277 3317 320 3382 is,
345 3326 373 3369 et
392 3314 458 3385 quis
467 3350 479 3385 ,
496 3314 571 3385 ptis,
589 3315 635 3385 bis
645 3352 655 3384 ,
673 3315 729 3386 tis,
751 3332 816 3384 quac
836 3310 985 3371 contrahis
1003 3325 1070 3363 usu.

433 3428 503 3455 ..„.·

140 3503 295 3574 Protrahit
315 3518 350 3556 os
371 3494 552 3569 litlbm,'·sed
571 3501 618 3556 cui
636 3500 781 3579 genitivus
799 3517 834 3557 os
854 3497 931 3558 ossis

92 3627 94 3630 v
139 3599 284 3664 Additur,
305 3595 490 3666 excipimus,
512 3595 565 3647 scd
585 3594 712 3652 Graecus
730 3593 759 3649 in
778 3609 813 3652 os
831 3593 934 3647 brevis
954 3595 1033 3642 extat

139 3691 274 3762 PatriuS,
297 3699 325 3755 et
342 3687 441 3747 neutri
461 3695 581 3759 rectus,
604 3686 812 3758 muliebreque
832 3699 955 3739 nomen.

140 3871 345 3945 corripiemus
364 3877 392 3929 in
411 3889 446 3928 us
453 3915 462 3948 ,
482 3890 546 3944 quae
564 3881 633 3927 sunt
650 3867 859 3941 monosyllaba
879 3875 1003 3938 praeter,

137 3967 177 4031 Et
194 3968 302 4040 quibus
323 3952 478 4023 extensum
500 3978 543 4021 est
562 3983 645 4023 casus
663 3968 750 4023 finale
770 3963 903 4019 secundi.
