2640 4634
498 395 544 445 an
570 372 708 445 Hutten
735 384 805 446 ete.
1050 374 1154 452 'xcix

139 562 398 625 Maximilianreos
416 562 568 625 referenti
587 557 621 624 in
639 566 776 627 carmine
795 569 899 630 vultus
915 570 929 607 Ἰ

214 662 361 724 Cantanti
380 675 412 725 et
431 660 561 741 trepidis
582 666 707 727 classica
726 670 808 745 justa
826 668 939 729 modis.

140 766 213 842 Quo
233 762 260 823 si
279 775 350 824 rate
369 784 461 823 suum
480 763 592 841 perdet
612 766 778 827 Germania
799 787 951 842 nomens
974 792 978 797 ·

158 949 160 952 y
214 861 287 925 Hoc
305 864 358 924 vel
377 881 465 945 aque
485 863 628 939 tulerint,
649 868 700 926 rel
721 863 803 928 leret
817 847 903 949 ignis
923 868 1015 931 edam

554 1073 747 1093 ——fl'm—h-

261 1193 614 1342 christophori
649 1240 1034 1344 Hependorssini

542 1382 760 1456 intendem
807 1390 809 1397 ’

138 1512 345 1614 Bolani,
397 1521 438 1593 el
486 1499 706 1612 Hntteni,
755 1516 1081 1617 Epiqramma.
1118 1530 1153 1614 ⁴⁵)

213 1695 300 1762 Inter
322 1700 498 1762 Germanos
516 1687 671 1758 rarissima
690 1693 790 1780 gloria
810 1711 895 1762 vates

282 1801 388 1860 Hesse
409 1810 465 1858 tuo
486 1815 609 1875 semper
629 1820 703 1860 rure
727 1799 878 1867 ferendus
901 1792 973 1864 eris.
1042 1872 1045 1879 Ι

212 1899 345 1980 Mantua
364 1897 534 1980 Virgilium
555 1896 665 1977 jactet,
686 1896 818 1960 Verona
838 1899 1012 1977 Catullum,

287 2000 329 2062 Et
348 1996 443 2078 jactet
462 2009 566 2058 vatem
586 1994 704 2059 Bilbilis
725 2019 780 2060 ora
800 2014 941 2062 sacrum:

213 2097 350 2161 Hessum
369 2097 497 2176 jactabit
518 2098 686 2159 Germania
707 2098 800 2179 docta
819 2099 969 2176 Portam,

241 2249 243 2252 ,
287 2199 348 2260 Hie
367 2197 581 2276 priscis,nullo
602 2198 694 2259 cedet
713 2199 836 2262 honore
855 2201 941 2263 viris.

213 2295 308 2358 Musa
326 2298 379 2359 dat
397 2297 470 2359 huic
489 2296 595 2358 faciles
616 2295 733 2359 festivo
750 2298 785 2360 in
804 2301 940 2362 carmine
960 2293 1062 2372 vires,

289 2397 454 2459 Leucadio
474 2389 606 2476 promit,
628 2397 765 2459 carmina
784 2399 895 2481 digna,
917 2401 998 2462 Deo.

214 2492 271 2558 Illo
290 2497 323 2558 in
344 2490 479 2558 Nasonis
498 2496 624 2570 rideas,
644 2492 848 2573 mihicrede,
868 2511 1012 2560 renatum

287 2584 421 2670 Pectus,
442 2593 498 2656 sed
518 2612 648 2674 prorsus
668 2596 798 2657 erimine
816 2596 881 2657 vita
900 2580 994 2658 earet.

213 2692 334 2758 Nobilis
353 2698 437 2759 hunc
456 2695 600 2778 sequitur
619 2696 720 2776 spatio
738 2689 891 2775 propiore
911 2693 1029 2767 Poeta,

287 2796 516 2884 Huttenns,
535 2797 653 2859 celebri
672 2817 787 2859 nomen
809 2796 848 2857 ab
868 2806 933 2859 arte
952 2796 1070 2858 ferens.

214 2890 384 2976 Pegasidas
404 2895 495 2956 simul
513 2907 561 2958 est
581 2899 651 2980 quis
670 2896 795 2973 nescit?
816 2908 907 2960 natus
929 2899 967 2959 ad
987 2896 1104 2970 undas,

288 2994 373 3056 Huic
392 2988 479 3056 <ledit
496 2995 529 3057 in
550 2992 639 3058 cunis
659 3002 765 3062 laurea
784 3009 866 3060 serta
885 2996 964 3061 Dea.
1188 2986 1191 2991 ¹

159 3136 163 3148 ·
215 3091 317 3156 Docta
335 3094 471 3175 probant
489 3096 613 3172 (lector)
632 3095 736 3180 magni
756 3110 957 3162 monumenta
975 3092 1106 3168 laboris,

289 3187 462 3277 ln'quibus
482 3206 513 3255 et
532 3196 645 3258 Momo
666 3196 772 3276 jndice
793 3197 905 3256 ‹loetns
925 3191 994 3255 erit.

217 3292 247 3356 0
266 3294 397 3357 nimium
415 3291 498 3354 felin
513 3314 545 3355 es
567 3290 633 3355 dux
655 3292 784 3358 Alberte
801 3295 972 3368 ferendus,

291 3393 355 3456 Cui
373 3387 452 3454 vatis
472 3392 590 3455 licitum
609 3400 656 3455 est
677 3412 733 3454 ore
753 3402 884 3470 potente
903 3386 980 3454 frui.

217 3487 272 3554 llle
290 3493 375 3554 dabit
396 3505 497 3554 totum
516 3495 627 3569 volitet
646 3507 700 3556 tua
717 3491 799 3554 lama
818 3513 875 3571 per
897 3493 1024 3568 orbem,

281 3595 335 3653 'Et
353 3587 454 3673 rapidi
474 3595 618 3672 penetret
636 3592 710 3655 solis
729 3604 894 3674 utramque
915 3594 1072 3668 domum,q

217 3692 259 3754 Et
278 3696 365 3755 volet
390 3693 429 3754 nd
448 3689 597 3754 Numidas
606 3741 617 3781 ‚p
639 3690 834 3775 Lybicisqne
861 3705 1002 3772 pererrat
1021 3694 1054 3755 in
1074 3693 1156 3776 oris,

293 3793 499 3876 Aspiciatque
518 3804 607 3854 tuum
626 3792 766 3854 Maenalis
786 3810 860 3852 ursa
879 3792 986 3853 decus.

143 3913 333 3929 m

176 3971 201 4029 *l
218 3981 293 4029 Unter
309 3981 355 4025 den
372 3983 485 4038 Zugaben
502 3994 546 4028 zur
568 3972 767 4039 „Sticholopt'afl
801 3979 867 4032 Liar.
