2640 4634
347 666 893 784 Epigrammata.

471 1023 533 1096 Ad
567 1023 767 1097 Librum

52 1228 135 1329 'ss
191 1184 252 1274 Ne
271 1207 364 1288 prodi
383 1207 475 1270 titulo
495 1207 644 1287 ampliore
662 1208 773 1283 rebus,

192 1308 282 1369 Picta
300 1306 422 1380 fronte,
442 1305 545 1367 nitore
566 1305 713 1380 liminari,

190 1408 233 1468 Ut
248 1405 333 1466 fallas
352 1407 504 1485 populum
523 1405 601 1467 liber
621 1407 680 1467 sub
699 1428 803 1484 auras,

189 1505 309 1568 Multos
329 1505 395 1566 vidi
414 1526 476 1590 ego
495 1505 540 1567 sie
558 1508 795 1586 superbientes,

189 1604 363 1677 Scombris‚
385 1616 416 1665 et
435 1605 536 1684 piperi
555 1617 644 1687 togas
665 1607 804 1681 dedisse,

188 1704 251 1766 Exi
271 1702 467 1782 simpliciter,
487 1703 627 1784 citrnrnre
646 1725 801 1785 pompam.

514 2005 592 2080 De
638 2001 711 2075 Se.

112 2162 260 2239 Francia,
287 2165 339 2228 cui
361 2165 459 2246 patria
482 2177 545 2239 est,
577 2165 711 2246 gelidam
728 2174 873 2242 porrecta
895 2164 955 2225 sub
978 2165 1116 2243 Arcton,
1195 2240 1199 2253 .

112 2263 369 2348 Hercyniumque
383 2287 510 2342 nemus,
532 2288 594 2349 qua
612 2265 718 2327 vitifer
732 2264 797 2324 exit
807 2263 841 2326 in
861 2285 982 2334 amnem

111 2363 230 2444 Mogus
249 2366 359 2427 Rhene
378 2377 484 2441 tuum,
505 2386 568 2448 qua
585 2365 703 2446 Fagina
719 2366 803 2442 sylva
816 2365 941 2427 seroces

111 2454 304 2531 Frenoorum
319 2468 454 2543 populos
472 2467 578 2530 vicino
593 2464 708 2533 dirimit
722 2465 836 2525 Hesso.

112 2559 175 2622 Cui
194 2574 282 2639 pater
300 2565 479 2637 Huttenus,
499 2576 593 2644 atque
613 2562 724 2625 ordine
741 2573 839 2627 mater
856 2561 968 2629 eodem

44 2738 47 2743 .
112 2659 256 2742 Contigit
274 2682 316 2722 ex
335 2662 493 2744 equitum,
513 2672 613 2722 tractu
628 2660 758 2720 tentavit
773 2660 807 2721 in
822 2652 875 2720 illo
1025 2652 1028 2657 ’

111 2759 267 2824 Caesareas
284 2783 405 2844 pugnas
424 2760 594 2844 peregrino
614 2762 785 2824 inscribere
803 2780 908 2822 versu.

111 2861 187 2920 Itale
206 2863 245 2923 da
264 2863 404 2938 veniam,
424 2864 450 2926 si
471 2885 504 2923 se
522 2864 605 2925 haud
622 2862 755 2926 feliciter
773 2860 870 2923 infert

112 2959 256 3023 Cultibus
270 2963 320 3022 ille
339 2964 416 3037 tuis,
436 2976 521 3026 certe
543 2976 703 3043 acceptum
722 2963 790 3042 ipse
807 2960 927 3022 tulisset

111 3058 243 3119 Vatibus
261 3060 425 3136 Ausoniis,
447 3063 473 3123 si
492 3084 587 3146 quern
602 3063 766 3139 meruisset
782 3064 946 3135 honorem.

551 3239 672 3262 1¹¹-—

441 3361 515 3432 De
552 3358 772 3454 Aquila.

108 3518 183 3581 Haec
202 3521 338 3583 volueris
358 3541 426 3605 quae
440 3541 526 3583 nune
540 3520 637 3601 passis
653 3518 728 3583 nihil
745 3519 843 3591 utitur
857 3519 927 3593 alis,

185 3621 359 3703 Omniaque
377 3620 449 3694 aeria
469 3621 601 3701 despicit
618 3643 636 3682 e
655 3622 789 3700 specula.

109 3718 142 3778 Si
161 3741 333 3804 qrrasquam
352 3722 386 3782 in
402 3732 500 3783 terras
518 3732 758 3802 rastrorumque
780 3718 905 3791 annarit
925 3727 956 3776 et
978 3732 1112 3794 ungues,

185 3823 388 3900 Quasturbas
404 3821 485 3890 issam
497 3840 594 3902 posse
610 3821 694 3888 ciere
709 3818 838 3901 putem?

554 4023 556 4027 ,
629 4018 634 4027 ι
651 4023 653 4027 .
