2670 4628
167 349 240 439 134'
434 351 489 434 Ad
514 342 686 433 Maximi.
714 328 916 431 Caesarem

161 548 211 605 Ne
230 548 293 612 sine
312 545 418 614 dilabi,
441 547 528 615 juxta·
546 554 591 598 est
609 543 730 598 occasio
750 543 868 610 Caesar,

233 645 303 715 Qun
321 639 463 714 propior,
494 636 600 706 cupide
616 637 678 691 hoo
697 636 861 706 arripienda
878 635 991 704 magis,

164 736 255 812 Quod
273 735 386 787 ratione
405 730 466 799 geri
485 728 573 808 petit,
601 729 784 798 omninoque
804 727 967 796 gerendum
986 736 1049 797 est,

89 884 93 893 ,
185 814 191 824 “
230 825 401 895 Praesertim
420 822 570 886 instructis
589 832 708 892 praestat
726 824 806 876 adiro
825 822 896 876 eito.

161 918 242 990 Nam
261 918 285 983 si
304 918 381 983 lenta
399 928 463 979 tuas
483 915 631 979 cunetatio
656 915 779 1003 fregerit
798 915 873 991 iras2

232 1009 320 1083 Quod
340 1008 471 1071 medium
489 1016 551 1083 c⁵t2
578 1006 699 1069 Venetis
717 1018 836 1079 tempus
856 1007 965 1063 obesse
983 1014 1092 1080 putas?

160 1096 346 1173 Principium
364 1111 408 1155 est
427 1101 483 1161 illis
502 1099 656 1169 reparandi
674 1101 736 1154 hoo
753 1110 891 1171 tempore
910 1101 1002 1170 belli,

229 1177 330 1263 Irrue,
358 1210 447 1276 quam
466 1191 558 1256 virtus
578 1193 707 1255 creverit
725 1193 778 1249 ista
797 1194 891 1263 prius.

160 1285 316 1358 Tempora
334 1289 403 1341 dant
421 1286 506 1340 dilata
523 1285 625 1352 vices,
654 1286 784 1354 citraque
802 1286 940 1345 laborem

228 1380 438 1449 Opprimiturp
461 1394 529 1430 eum
543 1375 606 1445 jam
623 1378 773 1444 nascitur,
794 1394 882 1431 omne
906 1379 1027 1433 malum.

161 1471 264 1541 Turpe
285 1483 349 1536 est,
376 1451 445 1522 curn
464 1470 586 1540 possis,
613 1469 745 1525 Venetos
764 1484 826 1522 non
843 1471 987 1539 vincere,
1012 1469 1097 1542 pejus

228 1564 284 1617 llio
307 1563 368 1618 aliis
392 1563 416 1616 si
434 1572 462 1615 te
481 1560 582 1623 deside
603 1561 687 1625 eedat
704 1562 816 1616 honor.
883 1566 885 1573 ’
1020 1549 1022 1553 ’

158 1653 239 1713 Nam
255 1656 312 1712 nisi
331 1666 362 1707 tu
383 1656 494 1721 fanias,
523 1655 578 1709 nisi
597 1664 626 1707 te
646 1654 722 1716 duee
741 1655 818 1715 bella
836 1663 991 1723 gerantur„

227 1749 362 1813 Forsitan
381 1748 409 1812 in
427 1748 541 1818 populo
561 1740 610 1817 qui
630 1758 731 1815 gerat,
758 1747 832 1800 alter
853 1747 919 1800 erit.

146 1839 230 1907 *Non
249 1843 312 1908 sine
332 1853 360 1894 te
383 1837 488 1905 Caesar
501 1841 610 1910 privari
630 1841 767 1894 laudibus
786 1840 868 1907 istis,

230 1941 323 2006 Atque
344 1936 433 1988 alium
451 1934 581 2005 palmam
604 1932 791 2006 praeripuisse
810 1932 873 1986 tibi.

158 2025 228 2083 Jam
249 2030 330 2082 ferus
351 2028 462 2091 ltaliam
481 2025 675 2085 successibus
695 2042 812 2096 occupa
833 2025 943 2096 taequis
965 2061 971 2079 .

223 2121 344 2187 Gallus,
371 2131 399 2172 et
422 2121 449 2180 in
468 2119 558 2182 laceri
575 2119 655 2188 pelle
675 2116 772 2176 leonis
796 2127 875 2181 oveti

157 2208 197 2278 Et
214 2213 268 2265 nisi
287 2223 318 2265 tu
335 2212 458 2277 venias,
489 2210 544 2263 nisi
564 2219 593 2262 te
612 2209 808 2271 intromittere
828 2219 944 2287 certes,

228 2304 280 2369 llle
299 2313 367 2366 tuos
385 2303 506 2368 titulos,
533 2302 713 2371 nominaque
733 2302 780 2355 ille
799 2303 873 2359 tulit.
911 2325 916 2333 ·

160 2396 188 2452 si
205 2406 234 2452 te
253 2397 349 2462 nullus
367 2411 454 2449 amor
471 2395 572 2466 patriae
589 2403 693 2460 tenet,
720 2405 749 2448 et
766 2394 819 2448 tibi
838 2403 957 2465 praestat

228 2490 296 2545 Otia
314 2490 469 2558 inexperta
487 2504 610 2559 caepere
632 2486 748 2549 duritie.

158 2579 227 2646 Hoe
247 2582 350 2645 saltem
369 2580 518 2647 stimulet,
544 2565 652 2635 'saltem
669 2580 731 2640 hoe
750 2582 785 2634 de
803 2581 940 2645 mordeat
958 2581 1055 2652 inme„

226 2671 330 2729 Lintea
349 2673 430 2745 quod
447 2672 522 2731 velis
540 2672 667 2743 praetulit
690 2674 738 2726 ille
757 2674 826 2732 tuis.

150 2764 309 2839 ‘Quodque
329 2768 411 2836 praeit
428 2765 530 2820 laudes
550 2765 712 2828 Gallorum
730 2767 825 2833 gloria
842 2775 983 2835 nostras,

227 2845 351 2926 (alana,
380 2860 507 2923 fortunas
530 2858 684 2921 nobilitata
703 2857 776 2918 suis,

160 2949 235 3026 Quae
254 2960 412 3021 postquam
431 2967 447 3004 e
467 2965 576 3010 somno
597 2950 764 3014 Germanas
786 2949 893 3007 sentiet
915 2950 992 3019 iras,

227 3027 297 3096 Jarn
315 3044 432 3106 tandem
451 3042 545 3107 dicet3
574 3057 623 3097 me
641 3042 741 3096 minor
760 3059 832 3097 aura
845 3044 950 3111 juvat,

160 3135 284 3200 Certum
303 3145 347 3190 est
364 3146 392 3189 te
411 3135 543 3199 Venetos
561 3135 691 3205 primum
710 3136 775 3199 haec
797 3136 826 3188 in
845 3134 929 3191 bella
946 3152 1093 3216 vacassepq

229 3229 352 3293 Certum
371 3239 414 3288 est
428 3227 507 3303 phos,
534 3223 608 3281 fines
627 3237 724 3291 marte
743 3228 850 3282 adiisse
869 3237 950 3282 tuos.

160 3317 264 3374 Redde
282 3321 378 3387 vinea,
410 3337 467 3374 nec
490 3320 533 3374 sie
551 3319 748 3391 poscentibus
768 3339 867 3389 arma,
898 3337 1022 3388 recusa,

228 3411 268 3474 Ut
286 3413 387 3480 nolis,
418 3428 506 3475 eausa
526 3395 644 3479 cogeris
664 3429 731 3467 esse
754 3415 854 3468 ferox.
1018 3393 1021 3398 A

160 3501 243 3555 Adde
263 3505 432 3571 profanatas
456 3505 555 3571 leges,
582 3513 758 3576 ruptamque
779 3523 838 3558 nee
860 3522 922 3561 una

230 3591 345 3647 Fraude
363 3597 468 3662 fidem,
496 3606 524 3648 et
545 3596 633 3659 toties
653 3597 765 3651 foedera
783 3598 852 3654 laesa
870 3597 937 3652 tibi.

162 3683 246 3738 Adde
262 3685 348 3746 Deos
367 3705 462 3761 nuper
481 3695 602 3754 eontra,
630 3699 658 3741 et
676 3690 797 3753 socialia
811 3691 900 3765 jura2

233 3775 369 3850 Quatuor
386 3798 401 3832 a
419 3781 534 3836 Veneto
553 3780 643 3842 millia
663 3798 739 3836 caesa
757 3783 844 3846 (luae.¹

164 3868 227 3935 Tot¹
243 3869 324 3923 bello
344 3873 466 3926 afflictos
484 3871 635 3942 populos,
658 3875 812 3944 urbesque
832 3872 988 3944 aubaotas2

232 3961 322 4018 Mista
341 3965 423 4035 prius
441 3964 559 4030 multia,
586 3963 672 4028 mista
690 3983 806 4029 venena
823 3964 888 4027 tibi,
