<?xml version="1.0" encoding="UTF-8"?>
<!DOCTYPE html PUBLIC "-//W3C//DTD XHTML 1.0 Transitional//EN"
    "http://www.w3.org/TR/xhtml1/DTD/xhtml1-transitional.dtd">
<html xmlns="http://www.w3.org/1999/xhtml" xml:lang="en" lang="en">
 <head>
  <title>
</title>
<meta http-equiv="Content-Type" content="text/html;charset=utf-8" />
  <meta name='ocr-system' content='tesseract 3.04.00' />
  <meta name='ocr-capabilities' content='ocr_page ocr_carea ocr_par ocr_line ocrx_word'/>
</head>
<body>
  <div class='ocr_page' id='page_1' title='image "./ulrichiabhutten01mngoog_0047.png"; bbox 0 0 2640 4634; ppageno 0'>
   <div class='ocr_carea' id='block_1_1' title="bbox 348 330 1140 412">
    <p class='ocr_par' dir='ltr' id='par_1_1' title="bbox 348 330 1140 412">
     <span class='ocr_line' id='line_1_1' title="bbox 348 330 1140 412; baseline 0.008 -6"><span class='ocrx_word' id='word_1_1' title='bbox 348 332 570 411; x_wconf 77' lang='lat' dir='ltr'>Verdicnstc-</span> <span class='ocrx_word' id='word_1_2' title='bbox 588 333 663 409; x_wconf 85' lang='lat' dir='ltr'>und</span> <span class='ocrx_word' id='word_1_3' title='bbox 688 330 923 408; x_wconf 81' lang='lat' dir='ltr'>Clraracktcr.</span> <span class='ocrx_word' id='word_1_4' title='bbox 1085 361 1140 412; x_wconf 77' lang='lat' dir='ltr'>rur</span> 
     </span>
    </p>
   </div>
   <div class='ocr_carea' id='block_1_2' title="bbox 126 505 1181 1393">
    <p class='ocr_par' dir='ltr' id='par_1_2' title="bbox 126 505 1181 1393">
     <span class='ocr_line' id='line_1_2' title="bbox 130 505 1141 611; baseline 0 -21"><span class='ocrx_word' id='word_1_5' title='bbox 130 505 255 590; x_wconf 77' lang='lat' dir='ltr'>rechten</span> <span class='ocrx_word' id='word_1_6' title='bbox 269 525 449 589; x_wconf 86' lang='lat' dir='ltr'>Liebhaber</span> <span class='ocrx_word' id='word_1_7' title='bbox 462 525 528 593; x_wconf 83' lang='lat' dir='ltr'>und</span> <span class='ocrx_word' id='word_1_8' title='bbox 541 523 731 586; x_wconf 81' lang='lat' dir='ltr'>Versoclrtcr</span> <span class='ocrx_word' id='word_1_9' title='bbox 743 526 800 586; x_wconf 86' lang='lat' dir='ltr'>der</span> <span class='ocrx_word' id='word_1_10' title='bbox 811 526 838 587; x_wconf 89' lang='lat' dir='ltr'>F</span> <span class='ocrx_word' id='word_1_11' title='bbox 840 526 961 604; x_wconf 85' lang='lat' dir='ltr'>reyheit</span> <span class='ocrx_word' id='word_1_12' title='bbox 975 526 1141 611; x_wconf 84' lang='lat' dir='ltr'>gemeinen</span> 
     </span>
     <span class='ocr_line' id='line_1_3' title="bbox 130 625 1141 711; baseline 0 -21"><span class='ocrx_word' id='word_1_13' title='bbox 130 629 355 700; x_wconf 84' lang='lat' dir='ltr'>Vaterlandes‚</span> <span class='ocrx_word' id='word_1_14' title='bbox 376 627 563 709; x_wconf 85' lang='lat' dir='ltr'>eingrolser</span> <span class='ocrx_word' id='word_1_15' title='bbox 579 625 713 687; x_wconf 82' lang='lat' dir='ltr'>Eivcrer</span> <span class='ocrx_word' id='word_1_16' title='bbox 731 647 847 711; x_wconf 83' lang='lat' dir='ltr'>wegen</span> <span class='ocrx_word' id='word_1_17' title='bbox 861 627 918 688; x_wconf 87' lang='lat' dir='ltr'>der</span> <span class='ocrx_word' id='word_1_18' title='bbox 932 626 1038 689; x_wconf 84' lang='lat' dir='ltr'>lichen</span> <span class='ocrx_word' id='word_1_19' title='bbox 1049 629 1141 690; x_wconf 83' lang='lat' dir='ltr'>War-</span> 
     </span>
     <span class='ocr_line' id='line_1_4' title="bbox 128 724 1141 810; baseline -0.001 -20"><span class='ocrx_word' id='word_1_20' title='bbox 128 728 209 800; x_wconf 81' lang='lat' dir='ltr'>heir,</span> <span class='ocrx_word' id='word_1_21' title='bbox 242 728 307 792; x_wconf 89' lang='lat' dir='ltr'>und</span> <span class='ocrx_word' id='word_1_22' title='bbox 333 727 411 788; x_wconf 85' lang='lat' dir='ltr'>ilber</span> <span class='ocrx_word' id='word_1_23' title='bbox 434 727 506 789; x_wconf 86' lang='lat' dir='ltr'>dem</span> <span class='ocrx_word' id='word_1_24' title='bbox 531 724 746 792; x_wconf 82' lang='lat' dir='ltr'>offenhahrten</span> <span class='ocrx_word' id='word_1_25' title='bbox 774 727 951 810; x_wconf 81' lang='lat' dir='ltr'>Evangelio</span> <span class='ocrx_word' id='word_1_26' title='bbox 978 749 1043 789; x_wconf 90' lang='lat' dir='ltr'>von</span> <span class='ocrx_word' id='word_1_27' title='bbox 1070 728 1141 790; x_wconf 84' lang='lat' dir='ltr'>dein</span> 
     </span>
     <span class='ocr_line' id='line_1_5' title="bbox 128 825 1142 910; baseline 0 -20"><span class='ocrx_word' id='word_1_28' title='bbox 128 829 257 910; x_wconf 80' lang='lat' dir='ltr'>einigen</span> <span class='ocrx_word' id='word_1_29' title='bbox 276 827 460 905; x_wconf 83' lang='lat' dir='ltr'>Heylande‚</span> <span class='ocrx_word' id='word_1_30' title='bbox 489 826 555 888; x_wconf 85' lang='lat' dir='ltr'>und</span> <span class='ocrx_word' id='word_1_31' title='bbox 574 825 697 888; x_wconf 82' lang='lat' dir='ltr'>Mittler</span> <span class='ocrx_word' id='word_1_32' title='bbox 716 827 795 890; x_wconf 86' lang='lat' dir='ltr'>Jcsu</span> <span class='ocrx_word' id='word_1_33' title='bbox 813 825 958 902; x_wconf 85' lang='lat' dir='ltr'>Christo,</span> <span class='ocrx_word' id='word_1_34' title='bbox 985 826 1142 890; x_wconf 73' lang='lat' dir='ltr'>und²dem</span> 
     </span>
     <span class='ocr_line' id='line_1_6' title="bbox 127 922 1141 1011; baseline 0.002 -21"><span class='ocrx_word' id='word_1_35' title='bbox 127 929 400 1011; x_wconf 83' lang='lat' dir='ltr'>seligmachenden</span> <span class='ocrx_word' id='word_1_36' title='bbox 422 922 585 987; x_wconf 86' lang='lat' dir='ltr'>Glauben:</span> <span class='ocrx_word' id='word_1_37' title='bbox 614 927 700 992; x_wconf 83' lang='lat' dir='ltr'>donn</span> <span class='ocrx_word' id='word_1_38' title='bbox 720 949 756 991; x_wconf 84' lang='lat' dir='ltr'>er</span> <span class='ocrx_word' id='word_1_39' title='bbox 773 929 825 991; x_wconf 85' lang='lat' dir='ltr'>hat</span> <span class='ocrx_word' id='word_1_40' title='bbox 844 929 910 992; x_wconf 87' lang='lat' dir='ltr'>sich</span> <span class='ocrx_word' id='word_1_41' title='bbox 928 929 1001 992; x_wconf 86' lang='lat' dir='ltr'>bald</span> <span class='ocrx_word' id='word_1_42' title='bbox 1016 930 1058 991; x_wconf 91' lang='lat' dir='ltr'>im</span> <span class='ocrx_word' id='word_1_43' title='bbox 1075 930 1141 992; x_wconf 63' lang='lat' dir='ltr'>An*</span> 
     </span>
     <span class='ocr_line' id='line_1_7' title="bbox 126 1024 1181 1110; baseline 0.001 -19"><span class='ocrx_word' id='word_1_44' title='bbox 126 1029 205 1110; x_wconf 84' lang='lat' dir='ltr'>lang</span> <span class='ocrx_word' id='word_1_45' title='bbox 220 1028 276 1090; x_wconf 77' lang='lat' dir='ltr'>&lt;les</span> <span class='ocrx_word' id='word_1_46' title='bbox 301 1026 468 1109; x_wconf 82' lang='lat' dir='ltr'>Evangelii</span> <span class='ocrx_word' id='word_1_47' title='bbox 493 1024 644 1087; x_wconf 87' lang='lat' dir='ltr'>hertzlich</span> <span class='ocrx_word' id='word_1_48' title='bbox 664 1046 909 1108; x_wconf 82' lang='lat' dir='ltr'>angenommen,</span> <span class='ocrx_word' id='word_1_49' title='bbox 939 1030 1005 1090; x_wconf 90' lang='lat' dir='ltr'>und</span> <span class='ocrx_word' id='word_1_50' title='bbox 1021 1030 1141 1092; x_wconf 84' lang='lat' dir='ltr'>solches</span> <span class='ocrx_word' id='word_1_51' title='bbox 1176 1040 1181 1059; x_wconf 75' lang='lat'><strong><em>¹</em></strong></span> 
     </span>
     <span class='ocr_line' id='line_1_8' title="bbox 128 1111 1174 1192; baseline 0.002 -2"><span class='ocrx_word' id='word_1_52' title='bbox 128 1129 184 1190; x_wconf 85' lang='lat' dir='ltr'>mit</span> <span class='ocrx_word' id='word_1_53' title='bbox 201 1128 400 1190; x_wconf 73' lang='lat' dir='ltr'>besonaleren</span> <span class='ocrx_word' id='word_1_54' title='bbox 422 1125 582 1188; x_wconf 78' lang='lat' dir='ltr'>Freualen.</span> <span class='ocrx_word' id='word_1_55' title='bbox 628 1125 761 1188; x_wconf 87' lang='lat' dir='ltr'>Lutheri</span> <span class='ocrx_word' id='word_1_56' title='bbox 783 1126 949 1189; x_wconf 76' lang='lat' dir='ltr'>Schrillten</span> <span class='ocrx_word' id='word_1_57' title='bbox 964 1131 1015 1191; x_wconf 82' lang='lat' dir='ltr'>hat</span> <span class='ocrx_word' id='word_1_58' title='bbox 1034 1151 1069 1190; x_wconf 90' lang='lat' dir='ltr'>er</span> <span class='ocrx_word' id='word_1_59' title='bbox 1086 1130 1141 1192; x_wconf 85' lang='lat' dir='ltr'>mit</span> <span class='ocrx_word' id='word_1_60' title='bbox 1170 1111 1174 1119; x_wconf 37' lang='lat'>⁵</span> 
     </span>
     <span class='ocr_line' id='line_1_9' title="bbox 130 1222 1141 1308; baseline 0.004 -18"><span class='ocrx_word' id='word_1_61' title='bbox 130 1229 210 1290; x_wconf 84' lang='lat' dir='ltr'>Lust</span> <span class='ocrx_word' id='word_1_62' title='bbox 232 1228 298 1290; x_wconf 86' lang='lat' dir='ltr'>und</span> <span class='ocrx_word' id='word_1_63' title='bbox 322 1225 540 1289; x_wconf 82' lang='lat' dir='ltr'>Gottesluroht</span> <span class='ocrx_word' id='word_1_64' title='bbox 558 1227 702 1308; x_wconf 80' lang='lat' dir='ltr'>gelescn,</span> <span class='ocrx_word' id='word_1_65' title='bbox 734 1226 813 1292; x_wconf 85' lang='lat' dir='ltr'>auch</span> <span class='ocrx_word' id='word_1_66' title='bbox 832 1227 937 1289; x_wconf 79' lang='lat' dir='ltr'>dauon</span> <span class='ocrx_word' id='word_1_67' title='bbox 959 1222 1059 1293; x_wconf 84' lang='lat' dir='ltr'>re&#39;den</span> <span class='ocrx_word' id='word_1_68' title='bbox 1075 1232 1141 1295; x_wconf 89' lang='lat' dir='ltr'>und</span> 
     </span>
     <span class='ocr_line' id='line_1_10' title="bbox 128 1321 796 1393; baseline -0.004 -2"><span class='ocrx_word' id='word_1_69' title='bbox 128 1328 291 1391; x_wconf 86' lang='lat' dir='ltr'>schreiben</span> <span class='ocrx_word' id='word_1_70' title='bbox 311 1327 448 1393; x_wconf 71' lang='lat' dir='ltr'>konnen.</span> <span class='ocrx_word' id='word_1_71' title='bbox 793 1321 796 1327; x_wconf 71' lang='grc'><strong>’</strong></span> 
     </span>
    </p>
   </div>
   <div class='ocr_carea' id='block_1_3' title="bbox 151 1454 1114 1689">
    <p class='ocr_par' dir='ltr' id='par_1_3' title="bbox 151 1454 1114 1689">
     <span class='ocr_line' id='line_1_11' title="bbox 151 1454 1114 1599; baseline 0.004 -36"><span class='ocrx_word' id='word_1_72' title='bbox 151 1502 200 1578; x_wconf 75' lang='lat'>21)</span> <span class='ocrx_word' id='word_1_73' title='bbox 219 1503 374 1571; x_wconf 85' lang='lat' dir='ltr'>Ludov.</span> <span class='ocrx_word' id='word_1_74' title='bbox 393 1486 623 1583; x_wconf 84' lang='lat' dir='ltr'>Mainiburg</span> <span class='ocrx_word' id='word_1_75' title='bbox 641 1499 682 1562; x_wconf 89' lang='lat' dir='ltr'>in</span> <span class='ocrx_word' id='word_1_76' title='bbox 701 1486 837 1599; x_wconf 79' lang='lat' dir='ltr'>illust.</span> <span class='ocrx_word' id='word_1_77' title='bbox 857 1454 1114 1571; x_wconf 57' lang='lat' dir='ltr'>seekendart.</span> 
     </span>
     <span class='ocr_line' id='line_1_12' title="bbox 278 1600 953 1689; baseline -0.001 -23"><span class='ocrx_word' id='word_1_78' title='bbox 278 1666 281 1672; x_wconf 82' lang='grc'><em>,</em></span> <span class='ocrx_word' id='word_1_79' title='bbox 314 1600 421 1666; x_wconf 88' lang='lat' dir='ltr'>Com.</span> <span class='ocrx_word' id='word_1_80' title='bbox 442 1602 492 1662; x_wconf 90' lang='lat' dir='ltr'>de</span> <span class='ocrx_word' id='word_1_81' title='bbox 508 1602 730 1671; x_wconf 74' lang='lat' dir='ltr'>Luthoran.</span> <span class='ocrx_word' id='word_1_82' title='bbox 749 1602 835 1689; x_wconf 59' lang='grc' dir='ltr'>ω.</span> <span class='ocrx_word' id='word_1_83' title='bbox 855 1624 887 1682; x_wconf 88' lang='lat' dir='ltr'>p.</span> <span class='ocrx_word' id='word_1_84' title='bbox 906 1602 953 1665; x_wconf 78' lang='lat'>35.</span> 
     </span>
    </p>
   </div>
   <div class='ocr_carea' id='block_1_4' title="bbox 126 1744 1178 2129">
    <p class='ocr_par' dir='ltr' id='par_1_4' title="bbox 126 1744 1178 2129">
     <span class='ocr_line' id='line_1_13' title="bbox 200 1744 1140 1830; baseline 0.004 -23"><span class='ocrx_word' id='word_1_85' title='bbox 200 1744 365 1808; x_wconf 85' lang='lat' dir='ltr'>Udalrious</span> <span class='ocrx_word' id='word_1_86' title='bbox 392 1746 568 1823; x_wconf 73' lang='lat' dir='ltr'>Brittanos,</span> <span class='ocrx_word' id='word_1_87' title='bbox 600 1745 696 1807; x_wconf 87' lang='lat' dir='ltr'>homo</span> <span class='ocrx_word' id='word_1_88' title='bbox 725 1745 846 1818; x_wconf 61' lang='lat' dir='ltr'>audam</span> <span class='ocrx_word' id='word_1_89' title='bbox 886 1746 942 1808; x_wconf 81' lang='lat' dir='ltr'>scd</span> <span class='ocrx_word' id='word_1_90' title='bbox 965 1747 1140 1830; x_wconf 84' lang='lat' dir='ltr'>gratiosus,</span> 
     </span>
     <span class='ocr_line' id='line_1_14' title="bbox 129 1842 1142 1926; baseline 0.006 -22"><span class='ocrx_word' id='word_1_91' title='bbox 129 1844 239 1909; x_wconf 83' lang='lat' dir='ltr'>amoeni</span> <span class='ocrx_word' id='word_1_92' title='bbox 256 1843 395 1926; x_wconf 81' lang='lat' dir='ltr'>ingenii,</span> <span class='ocrx_word' id='word_1_93' title='bbox 427 1864 521 1923; x_wconf 90' lang='lat' dir='ltr'>prosa</span> <span class='ocrx_word' id='word_1_94' title='bbox 545 1855 577 1904; x_wconf 91' lang='lat' dir='ltr'>et</span> <span class='ocrx_word' id='word_1_95' title='bbox 602 1842 740 1906; x_wconf 85' lang='lat' dir='ltr'>carmine</span> <span class='ocrx_word' id='word_1_96' title='bbox 764 1845 877 1907; x_wconf 86' lang='lat' dir='ltr'>Latine</span> <span class='ocrx_word' id='word_1_97' title='bbox 902 1856 934 1907; x_wconf 88' lang='lat' dir='ltr'>et</span> <span class='ocrx_word' id='word_1_98' title='bbox 955 1846 1142 1910; x_wconf 84' lang='lat' dir='ltr'>Germanice</span> 
     </span>
     <span class='ocr_line' id='line_1_15' title="bbox 128 1943 1178 2027; baseline 0.011 -26"><span class='ocrx_word' id='word_1_99' title='bbox 128 1945 297 2025; x_wconf 84' lang='lat' dir='ltr'>eloquens,</span> <span class='ocrx_word' id='word_1_100' title='bbox 340 1943 489 2005; x_wconf 76' lang='lat' dir='ltr'>Pontifici</span> <span class='ocrx_word' id='word_1_101' title='bbox 513 1943 606 2007; x_wconf 87' lang='lat' dir='ltr'>etiam</span> <span class='ocrx_word' id='word_1_102' title='bbox 635 1943 734 2026; x_wconf 81' lang='lat' dir='ltr'>magis</span> <span class='ocrx_word' id='word_1_103' title='bbox 764 1964 859 2026; x_wconf 82' lang='lat' dir='ltr'>quam</span> <span class='ocrx_word' id='word_1_104' title='bbox 881 1945 950 2027; x_wconf 87' lang='lat' dir='ltr'>ipse</span> <span class='ocrx_word' id='word_1_105' title='bbox 981 1948 1141 2012; x_wconf 85' lang='lat' dir='ltr'>Luthorus</span> <span class='ocrx_word' id='word_1_106' title='bbox 1174 1962 1178 1975; x_wconf 93' lang='lat'>&#39;</span> 
     </span>
     <span class='ocr_line' id='line_1_16' title="bbox 126 2042 878 2129; baseline 0.003 -25"><span class='ocrx_word' id='word_1_107' title='bbox 126 2043 274 2118; x_wconf 87' lang='lat' dir='ltr'>infestus,</span> <span class='ocrx_word' id='word_1_108' title='bbox 295 2055 326 2107; x_wconf 87' lang='lat' dir='ltr'>et</span> <span class='ocrx_word' id='word_1_109' title='bbox 346 2043 441 2125; x_wconf 84' lang='lat' dir='ltr'>hujus</span> <span class='ocrx_word' id='word_1_110' title='bbox 460 2055 633 2129; x_wconf 84' lang='lat' dir='ltr'>perpetuus</span> <span class='ocrx_word' id='word_1_111' title='bbox 651 2042 878 2109; x_wconf 83' lang='lat' dir='ltr'>Enoomiastes.</span> 
     </span>
    </p>
   </div>
   <div class='ocr_carea' id='block_1_5' title="bbox 257 2194 992 2297">
    <p class='ocr_par' dir='ltr' id='par_1_5' title="bbox 257 2194 992 2297">
     <span class='ocr_line' id='line_1_17' title="bbox 257 2194 992 2297; baseline 0.001 -15"><span class='ocrx_word' id='word_1_112' title='bbox 257 2216 325 2294; x_wconf 63' lang='lat'>22)</span> <span class='ocrx_word' id='word_1_113' title='bbox 348 2218 523 2296; x_wconf 84' lang='lat' dir='ltr'>Idem-(in</span> <span class='ocrx_word' id='word_1_114' title='bbox 542 2194 603 2297; x_wconf 88' lang='lat' dir='ltr'>Ep.</span> <span class='ocrx_word' id='word_1_115' title='bbox 623 2218 663 2281; x_wconf 85' lang='lat' dir='ltr'>ad</span> <span class='ocrx_word' id='word_1_116' title='bbox 681 2218 782 2281; x_wconf 82' lang='lat' dir='ltr'>Hanr.</span> <span class='ocrx_word' id='word_1_117' title='bbox 801 2216 992 2296; x_wconf 82' lang='lat' dir='ltr'>Averbach.)</span> 
     </span>
    </p>
   </div>
   <div class='ocr_carea' id='block_1_6' title="bbox 127 2340 1140 2525">
    <p class='ocr_par' dir='ltr' id='par_1_6' title="bbox 127 2340 1140 2525">
     <span class='ocr_line' id='line_1_18' title="bbox 195 2340 1140 2450; baseline 0 -27"><span class='ocrx_word' id='word_1_118' title='bbox 195 2340 238 2426; x_wconf 79' lang='lat' dir='ltr'>H.</span> <span class='ocrx_word' id='word_1_119' title='bbox 269 2358 319 2423; x_wconf 83' lang='lat' dir='ltr'>vir</span> <span class='ocrx_word' id='word_1_120' title='bbox 349 2361 620 2445; x_wconf 85' lang='lat' dir='ltr'>incomparabilis:</span> <span class='ocrx_word' id='word_1_121' title='bbox 663 2361 719 2450; x_wconf 88' lang='lat' dir='ltr'>qui</span> <span class='ocrx_word' id='word_1_122' title='bbox 749 2361 867 2425; x_wconf 82' lang='lat' dir='ltr'><strong>litteras</strong></span> <span class='ocrx_word' id='word_1_123' title='bbox 896 2361 1018 2447; x_wconf 81' lang='lat' dir='ltr'><strong>scripsit</strong></span> <span class='ocrx_word' id='word_1_124' title='bbox 1044 2360 1140 2425; x_wconf 90' lang='lat' dir='ltr'>melli·</span> 
     </span>
     <span class='ocr_line' id='line_1_19' title="bbox 127 2459 267 2525; baseline 0.043 -6"><span class='ocrx_word' id='word_1_125' title='bbox 127 2459 267 2525; x_wconf 70' lang='lat' dir='ltr'>tissimus.</span> 
     </span>
    </p>
   </div>
   <div class='ocr_carea' id='block_1_7' title="bbox 126 2602 1140 2694">
    <p class='ocr_par' dir='ltr' id='par_1_7' title="bbox 126 2602 1140 2694">
     <span class='ocr_line' id='line_1_20' title="bbox 126 2602 1140 2694; baseline 0.004 -26"><span class='ocrx_word' id='word_1_126' title='bbox 126 2608 176 2685; x_wconf 76' lang='lat'>93)</span> <span class='ocrx_word' id='word_1_127' title='bbox 196 2611 354 2674; x_wconf 82' lang='lat' dir='ltr'>Auctor</span> <span class='ocrx_word' id='word_1_128' title='bbox 379 2611 509 2691; x_wconf 85' lang='lat' dir='ltr'>Epist.</span> <span class='ocrx_word' id='word_1_129' title='bbox 539 2612 586 2673; x_wconf 85' lang='lat' dir='ltr'>ad</span> <span class='ocrx_word' id='word_1_130' title='bbox 613 2610 723 2674; x_wconf 91' lang='lat' dir='ltr'>Crot.</span> <span class='ocrx_word' id='word_1_131' title='bbox 752 2602 922 2675; x_wconf 82' lang='lat' dir='ltr'>Rubian.</span> <span class='ocrx_word' id='word_1_132' title='bbox 949 2635 982 2694; x_wconf 84' lang='lat' dir='ltr'>p.</span> <span class='ocrx_word' id='word_1_133' title='bbox 1003 2613 1049 2678; x_wconf 74' lang='lat'>12.</span> <span class='ocrx_word' id='word_1_134' title='bbox 1071 2633 1140 2694; x_wconf 84' lang='lat' dir='ltr'>sqq.</span> 
     </span>
    </p>
   </div>
   <div class='ocr_carea' id='block_1_8' title="bbox 124 2734 1142 3126">
    <p class='ocr_par' dir='ltr' id='par_1_8' title="bbox 124 2734 1142 3126">
     <span class='ocr_line' id='line_1_21' title="bbox 136 2734 1141 2815; baseline -0.003 -17"><span class='ocrx_word' id='word_1_135' title='bbox 136 2754 138 2759; x_wconf 86' lang='lat'>·</span> <span class='ocrx_word' id='word_1_136' title='bbox 200 2735 241 2798; x_wconf 88' lang='grc' dir='ltr'>Η.</span> <span class='ocrx_word' id='word_1_137' title='bbox 266 2735 317 2798; x_wconf 86' lang='lat' dir='ltr'>vir</span> <span class='ocrx_word' id='word_1_138' title='bbox 342 2735 490 2803; x_wconf 77' lang='lat' dir='ltr'>facundia</span> <span class='ocrx_word' id='word_1_139' title='bbox 509 2736 693 2813; x_wconf 81' lang='lat' dir='ltr'>excellenti,</span> <span class='ocrx_word' id='word_1_140' title='bbox 722 2746 753 2797; x_wconf 86' lang='lat' dir='ltr'>et</span> <span class='ocrx_word' id='word_1_141' title='bbox 772 2735 919 2797; x_wconf 81' lang='lat' dir='ltr'>facilitate</span> <span class='ocrx_word' id='word_1_142' title='bbox 932 2735 971 2796; x_wconf 70' lang='lat' dir='ltr'>&#39;in</span> <span class='ocrx_word' id='word_1_143' title='bbox 989 2734 1141 2815; x_wconf 76' lang='lat' dir='ltr'>poe&#39;matis</span> 
     </span>
     <span class='ocr_line' id='line_1_22' title="bbox 124 2826 1141 2919; baseline 0.001 -24"><span class='ocrx_word' id='word_1_144' title='bbox 124 2855 225 2915; x_wconf 84' lang='lat' dir='ltr'>prope</span> <span class='ocrx_word' id='word_1_145' title='bbox 250 2835 375 2901; x_wconf 86' lang='lat' dir='ltr'>divina:</span> <span class='ocrx_word' id='word_1_146' title='bbox 397 2871 430 2880; x_wconf 91' lang='lat'><em>-</em></span> <span class='ocrx_word' id='word_1_147' title='bbox 453 2873 484 2882; x_wconf 95' lang='lat'><em>-</em></span> <span class='ocrx_word' id='word_1_148' title='bbox 505 2849 617 2900; x_wconf 87' lang='lat' dir='ltr'>natura</span> <span class='ocrx_word' id='word_1_149' title='bbox 642 2826 829 2911; x_wconf 85' lang='lat' dir='ltr'>vehemens,</span> <span class='ocrx_word' id='word_1_150' title='bbox 859 2847 890 2897; x_wconf 88' lang='lat' dir='ltr'>et</span> <span class='ocrx_word' id='word_1_151' title='bbox 917 2835 1080 2914; x_wconf 82' lang='lat' dir='ltr'>fervidus,</span> <span class='ocrx_word' id='word_1_152' title='bbox 1107 2847 1141 2919; x_wconf 70' lang='lat' dir='ltr'>et</span> 
     </span>
     <span class='ocr_line' id='line_1_23' title="bbox 125 2930 1142 3019; baseline 0.003 -25"><span class='ocrx_word' id='word_1_153' title='bbox 125 2934 199 2996; x_wconf 91' lang='lat' dir='ltr'>odio</span> <span class='ocrx_word' id='word_1_154' title='bbox 220 2936 405 3017; x_wconf 89' lang='lat' dir='ltr'>Hypocrisis</span> <span class='ocrx_word' id='word_1_155' title='bbox 427 2937 549 3003; x_wconf 75' lang='lat' dir='ltr'>ardens,</span> <span class='ocrx_word' id='word_1_156' title='bbox 572 2973 605 2982; x_wconf 93' lang='lat'><em>-</em></span> <span class='ocrx_word' id='word_1_157' title='bbox 628 2973 661 2984; x_wconf 93' lang='lat'><em>-</em></span> <span class='ocrx_word' id='word_1_158' title='bbox 683 2972 717 2983; x_wconf 89' lang='lat'>-</span> <span class='ocrx_word' id='word_1_159' title='bbox 740 2937 993 3004; x_wconf 75' lang='lat' dir='ltr'>Laueranarum&#39;</span> <span class='ocrx_word' id='word_1_160' title='bbox 1007 2930 1142 3019; x_wconf 81' lang='lat' dir='ltr'>partium</span> 
     </span>
     <span class='ocr_line' id='line_1_24' title="bbox 124 3024 1092 3126; baseline 0.018 -34"><span class='ocrx_word' id='word_1_161' title='bbox 124 3045 302 3105; x_wconf 82' lang='lat' dir='ltr'>constanter</span> <span class='ocrx_word' id='word_1_162' title='bbox 322 3038 433 3119; x_wconf 84' lang='lat' dir='ltr'>mansit</span> <span class='ocrx_word' id='word_1_163' title='bbox 452 3059 555 3126; x_wconf 85' lang='lat' dir='ltr'>usquc</span> <span class='ocrx_word' id='word_1_164' title='bbox 574 3038 608 3100; x_wconf 92' lang='lat' dir='ltr'>in</span> <span class='ocrx_word' id='word_1_165' title='bbox 627 3041 733 3110; x_wconf 81' lang='lat' dir='ltr'>finem·</span> <span class='ocrx_word' id='word_1_166' title='bbox 1088 3024 1092 3033; x_wconf 88' lang='lat'>.</span> 
     </span>
    </p>
   </div>
   <div class='ocr_carea' id='block_1_9' title="bbox 121 3180 1234 3626">
    <p class='ocr_par' dir='ltr' id='par_1_9' title="bbox 121 3180 1234 3622">
     <span class='ocr_line' id='line_1_25' title="bbox 159 3180 1138 3288; baseline -0.001 -19"><span class='ocrx_word' id='word_1_167' title='bbox 159 3180 209 3284; x_wconf 74' lang='lat' dir='ltr'>rr)</span> <span class='ocrx_word' id='word_1_168' title='bbox 228 3210 286 3273; x_wconf 87' lang='lat' dir='ltr'>J0.</span> <span class='ocrx_word' id='word_1_169' title='bbox 315 3209 524 3273; x_wconf 72' lang='lat' dir='ltr'>coenans</span> <span class='ocrx_word' id='word_1_170' title='bbox 553 3211 599 3288; x_wconf 75' lang='lat' dir='ltr'>(in</span> <span class='ocrx_word' id='word_1_171' title='bbox 618 3210 722 3273; x_wconf 69' lang='lat' dir='ltr'>Aetia.</span> <span class='ocrx_word' id='word_1_172' title='bbox 742 3209 895 3284; x_wconf 70' lang='lat' dir='ltr'>canen,</span> <span class='ocrx_word' id='word_1_173' title='bbox 915 3229 985 3271; x_wconf 76' lang='lat' dir='ltr'>ann.</span> <span class='ocrx_word' id='word_1_174' title='bbox 1006 3207 1103 3283; x_wconf 80' lang='lat'><strong>1519).</strong></span> <span class='ocrx_word' id='word_1_175' title='bbox 1119 3222 1138 3233; x_wconf 91' lang='lat'>··</span> 
     </span>
     <span class='ocr_line' id='line_1_26' title="bbox 152 3316 1141 3427; baseline -0.005 -22"><span class='ocrx_word' id='word_1_176' title='bbox 152 3316 155 3321; x_wconf 25' lang='grc' dir='ltr'>Ι</span> <span class='ocrx_word' id='word_1_177' title='bbox 194 3342 234 3406; x_wconf 87' lang='lat' dir='ltr'>U.</span> <span class='ocrx_word' id='word_1_178' title='bbox 262 3343 351 3408; x_wconf 82' lang='lat' dir='ltr'>Hutt.</span> <span class='ocrx_word' id='word_1_179' title='bbox 377 3345 487 3427; x_wconf 81' lang='lat' dir='ltr'>Eques</span> <span class='ocrx_word' id='word_1_180' title='bbox 517 3343 624 3407; x_wconf 80' lang='lat' dir='ltr'>Germ.</span> <span class='ocrx_word' id='word_1_181' title='bbox 650 3340 700 3401; x_wconf 88' lang='lat' dir='ltr'>vir</span> <span class='ocrx_word' id='word_1_182' title='bbox 726 3349 758 3399; x_wconf 85' lang='lat' dir='ltr'>et</span> <span class='ocrx_word' id='word_1_183' title='bbox 784 3337 899 3401; x_wconf 87' lang='lat' dir='ltr'>nobilis</span> <span class='ocrx_word' id='word_1_184' title='bbox 928 3337 955 3400; x_wconf 89' lang='lat' dir='ltr'>F</span> <span class='ocrx_word' id='word_1_185' title='bbox 958 3324 1083 3414; x_wconf 83' lang='lat' dir='ltr'>amilisa,</span> <span class='ocrx_word' id='word_1_186' title='bbox 1111 3350 1141 3400; x_wconf 79' lang='lat' dir='ltr'>et</span> 
     </span>
     <span class='ocr_line' id='line_1_27' title="bbox 121 3437 1234 3529; baseline 0.004 -31"><span class='ocrx_word' id='word_1_187' title='bbox 121 3441 263 3505; x_wconf 81' lang='lat' dir='ltr'>acerrimi</span> <span class='ocrx_word' id='word_1_188' title='bbox 278 3443 414 3527; x_wconf 82' lang='lat' dir='ltr'>ingenii:</span> <span class='ocrx_word' id='word_1_189' title='bbox 436 3443 492 3529; x_wconf 90' lang='lat' dir='ltr'>qui</span> <span class='ocrx_word' id='word_1_190' title='bbox 508 3454 539 3504; x_wconf 90' lang='lat' dir='ltr'>et</span> <span class='ocrx_word' id='word_1_191' title='bbox 555 3452 662 3516; x_wconf 83' lang='lat' dir='ltr'>antea,</span> <span class='ocrx_word' id='word_1_192' title='bbox 681 3438 864 3521; x_wconf 86' lang='lat' dir='ltr'>priusquam</span> <span class='ocrx_word' id='word_1_193' title='bbox 875 3437 1009 3509; x_wconf 84' lang='lat' dir='ltr'>Lutheri</span> <span class='ocrx_word' id='word_1_194' title='bbox 1024 3459 1143 3521; x_wconf 75' lang='lat' dir='ltr'>nomen</span> <span class='ocrx_word' id='word_1_195' title='bbox 1232 3473 1234 3491; x_wconf 53' lang='grc' dir='ltr'><strong>ε</strong></span> 
     </span>
     <span class='ocr_line' id='line_1_28' title="bbox 122 3539 1144 3626; baseline 0 -23"><span class='ocrx_word' id='word_1_196' title='bbox 122 3542 192 3603; x_wconf 89' lang='lat' dir='ltr'>orbi</span> <span class='ocrx_word' id='word_1_197' title='bbox 211 3554 323 3609; x_wconf 84' lang='lat' dir='ltr'>notum</span> <span class='ocrx_word' id='word_1_198' title='bbox 342 3555 441 3618; x_wconf 86' lang='lat' dir='ltr'>esset,</span> <span class='ocrx_word' id='word_1_199' title='bbox 462 3545 559 3612; x_wconf 86' lang='lat' dir='ltr'>multa</span> <span class='ocrx_word' id='word_1_200' title='bbox 577 3563 638 3622; x_wconf 91' lang='lat' dir='ltr'>pro</span> <span class='ocrx_word' id='word_1_201' title='bbox 657 3540 800 3602; x_wconf 81' lang='lat' dir='ltr'>libertato</span> <span class='ocrx_word' id='word_1_202' title='bbox 822 3539 1011 3626; x_wconf 75' lang='lat' dir='ltr'>Germaniae,</span> <span class='ocrx_word' id='word_1_203' title='bbox 1031 3552 1144 3623; x_wconf 88' lang='lat' dir='ltr'>contra</span> 
     </span>
    </p>
   </div>
   <div class='ocr_carea' id='block_1_10' title="bbox 120 3618 1256 3733">
    <p class='ocr_par' dir='ltr' id='par_1_10' title="bbox 120 3618 1256 3733">
     <span class='ocr_line' id='line_1_29' title="bbox 120 3618 1256 3733; baseline 0.003 -31"><span class='ocrx_word' id='word_1_204' title='bbox 120 3642 309 3720; x_wconf 83' lang='lat' dir='ltr'>pensionum</span> <span class='ocrx_word' id='word_1_205' title='bbox 335 3657 490 3728; x_wconf 77' lang='lat' dir='ltr'>quaestus,</span> <span class='ocrx_word' id='word_1_206' title='bbox 522 3656 552 3705; x_wconf 89' lang='lat' dir='ltr'>ot</span> <span class='ocrx_word' id='word_1_207' title='bbox 570 3642 759 3727; x_wconf 74' lang='lat' dir='ltr'>citationum</span> <span class='ocrx_word' id='word_1_208' title='bbox 789 3642 993 3717; x_wconf 74' lang='lat' dir='ltr'>vexationes,</span> <span class='ocrx_word' id='word_1_209' title='bbox 1026 3618 1143 3733; x_wconf 78' lang='lat' dir='ltr'>quibus</span> <span class='ocrx_word' id='word_1_210' title='bbox 1253 3709 1256 3717; x_wconf 61' lang='grc'><strong>,</strong></span> 
     </span>
    </p>
   </div>
   <div class='ocr_carea' id='block_1_11' title="bbox 117 3739 1223 4025">
    <p class='ocr_par' dir='ltr' id='par_1_11' title="bbox 117 3739 1223 4025">
     <span class='ocr_line' id='line_1_30' title="bbox 119 3739 1223 3833; baseline -0.003 -32"><span class='ocrx_word' id='word_1_211' title='bbox 119 3743 282 3806; x_wconf 79' lang='lat' dir='ltr'>Romana</span> <span class='ocrx_word' id='word_1_212' title='bbox 295 3744 394 3809; x_wconf 84' lang='lat' dir='ltr'>Curia</span> <span class='ocrx_word' id='word_1_213' title='bbox 426 3743 625 3807; x_wconf 81' lang='lat' dir='ltr'>Germaniam</span> <span class='ocrx_word' id='word_1_214' title='bbox 658 3760 791 3833; x_wconf 78' lang='lat' dir='ltr'>gravare</span> <span class='ocrx_word' id='word_1_215' title='bbox 821 3739 1002 3813; x_wconf 84' lang='lat' dir='ltr'>videbatur,</span> <span class='ocrx_word' id='word_1_216' title='bbox 1043 3739 1142 3821; x_wconf 80' lang='lat' dir='ltr'>scrip</span> <span class='ocrx_word' id='word_1_217' title='bbox 1220 3818 1223 3825; x_wconf 27' lang='grc' dir='ltr'>Ι</span> 
     </span>
     <span class='ocr_line' id='line_1_31' title="bbox 117 3837 1140 3922; baseline -0.004 -20"><span class='ocrx_word' id='word_1_218' title='bbox 117 3853 219 3915; x_wconf 83' lang='lat' dir='ltr'>serat,</span> <span class='ocrx_word' id='word_1_219' title='bbox 240 3865 305 3905; x_wconf 90' lang='lat' dir='ltr'>non</span> <span class='ocrx_word' id='word_1_220' title='bbox 324 3849 425 3910; x_wconf 91' lang='lat' dir='ltr'>solum</span> <span class='ocrx_word' id='word_1_221' title='bbox 444 3844 597 3922; x_wconf 84' lang='lat' dir='ltr'>carmine,</span> <span class='ocrx_word' id='word_1_222' title='bbox 619 3863 730 3910; x_wconf 80' lang='lat' dir='ltr'>verum</span> <span class='ocrx_word' id='word_1_223' title='bbox 749 3841 843 3908; x_wconf 83' lang='lat' dir='ltr'>etiam</span> <span class='ocrx_word' id='word_1_224' title='bbox 861 3843 965 3907; x_wconf 80' lang='lat' dir='ltr'>soluta</span> <span class='ocrx_word' id='word_1_225' title='bbox 985 3837 1140 3914; x_wconf 81' lang='lat' dir='ltr'>oratione,</span> 
     </span>
     <span class='ocr_line' id='line_1_32' title="bbox 118 3945 470 4025; baseline 0.011 -21"><span class='ocrx_word' id='word_1_226' title='bbox 118 3945 305 4025; x_wconf 83' lang='lat' dir='ltr'>vehemens,</span> <span class='ocrx_word' id='word_1_227' title='bbox 337 3957 368 4009; x_wconf 86' lang='lat' dir='ltr'>et</span> <span class='ocrx_word' id='word_1_228' title='bbox 389 3967 470 4015; x_wconf 81' lang='lat' dir='ltr'>acer.</span> 
     </span>
    </p>
   </div>
   <div class='ocr_carea' id='block_1_12' title="bbox 0 0 1324 4634">
    <p class='ocr_par' dir='ltr' id='par_1_12' title="bbox 0 0 1324 4634">
     <span class='ocr_line' id='line_1_33' title="bbox 0 0 1324 4634; baseline 0 1"><span class='ocrx_word' id='word_1_229' title='bbox 0 0 1324 4634; x_wconf 95' lang='lat' dir='ltr'> </span> 
     </span>
    </p>
   </div>
  </div>
 </body>
</html>
