2640 4634
353 800 578 880 Ulrichi
619 812 679 883 ab
720 811 935 890 Hutten

462 933 618 1005 Equitis
643 937 825 992 Germani

73 1131 75 1134 Α
138 1032 190 1112 ed
224 1030 529 1110 invictissimum
562 1037 791 1136 principem
824 1041 1157 1137 Maximilienum,

409 1174 617 1218 Romanorum
643 1174 887 1235 Imperatorem,

222 1274 258 1324 ut
277 1263 408 1338 bellum,
436 1265 477 1332 in,
489 1262 633 1327 Venetos
654 1280 821 1346 coeptum,
849 1282 1069 1352 prosequatur.

325 1372 981 1483 Exhortatorium.

589 1582 728 1599 ——d

477 1714 830 1798 Praefatio.

147 1886 190 1984 ln
216 1919 287 1981 loeo
313 1911 462 1980 audacem
481 1934 549 1978 esse
570 1916 653 1995 apud
673 1929 723 1992 te,
756 1913 782 1978 si
802 1928 965 1996 peecatum
984 1932 1032 1981 est
1050 1908 1165 1999 Caesar,

147 2020 277 2102 peccavi
301 2040 382 2100 ego,
417 2018 472 2100 qui
495 2021 556 2079 hoe
584 2019 622 2078 ad
647 2029 677 2077 te
705 2019 954 2082 exhortatorium
981 2020 1167 2089 concinnavi

148 2121 341 2201 imprudens.
392 2121 435 2182 At
469 2119 546 2201 quid
586 2118 675 2181 istius
708 2120 857 2199 temporis
890 2121 973 2183 aliud
1006 2120 1167 2182 facerem?

151 2220 320 2299 Tantisper
341 2220 464 2281 libitum
490 2219 626 2280 insanire
645 2231 712 2294 est,
743 2221 818 2282 dum
838 2242 895 2300 per
915 2235 1032 2283 aetatem
1052 2221 1169 2301 possim
1253 2212 1256 2217 ¹

152 2342 249 2400 opera
275 2320 331 2380 tibi
356 2320 458 2402 aliqua
483 2341 553 2380 mea
579 2323 741 2398 prodesse.
784 2324 880 2400 Quod
904 2323 930 2383 si
955 2344 1039 2383 nuuc
1067 2343 1170 2403 aequa·-

151 2421 276 2482 nimiter
294 2421 396 2494 feres,
426 2442 519 2501 quam
538 2420 613 2481 mibi
631 2421 715 2481 bone
736 2423 859 2500 Jupiter
881 2423 1010 2501 augebis
1036 2424 1074 2483 ad
1094 2422 1170 2483 seri·

152 2523 292 2585 bendum
312 2521 519 2581 industriam?
552 2522 649 2581 Plane
671 2520 700 2578 in
722 2532 753 2578 te
769 2531 815 2579 est
832 2521 959 2600 aliquod
973 2520 1169 2582 confidentiae

152 2618 247 2702 hujus
269 2621 434 2680 stabulum.
473 2619 520 2680 lta
549 2619 609 2679 iam
635 2618 757 2695 pridem
781 2619 915 2679 habuisti
944 2623 1055 2678 multos
1083 2617 1171 2677 alios.

155 2725 200 2784 Es
226 2735 318 2801 potes
348 2722 391 2782 ita
415 2738 508 2781 nosse
534 2730 565 2778 te
591 2718 710 2798 ipsum,
742 2729 777 2777 ut
798 2717 914 2778 rectius
933 2730 1024 2796 putes
1044 2739 1061 2778 a
1080 2716 1171 2778 nobis

155 2835 186 2884 te
203 2845 281 2885 vero
295 2823 433 2896 laudari,
456 2843 549 2903 quam
565 2819 644 2880 salso
659 2841 676 2878 a
689 2817 822 2880 Venetis
836 2807 1016 2896 vituperari.
1050 2817 1172 2896 Quibus

157 2923 241 2984 enim·
260 2945 326 2983 non
345 2921 570 3000 impetiverunt
587 2933 618 2980 te
635 2917 854 2980 contumeliis?
883 2920 984 2997 Quam
1001 2936 1065 2977 non
1081 2915 1173 2998 igno-

155 3023 281 3085 miniam
315 3021 372 3080 tibi
405 3021 572 3079 obvertere
608 3020 712 3081 conati
741 3028 833 3091 sunt,
872 3017 986 3096 impuri
1020 3016 1172 3088 homines,

157 3140 282 3196 semper
298 3112 330 3177 iu
350 3138 462 3197 regum
477 3137 512 3176 ac
531 3113 708 3195 priucipaun
727 3117 989 3177 existimationem
1006 3127 1174 3174 coaxantes

158 3217 284 3282 Ranae?
332 3219 400 3276 Nec
437 3236 496 3274 suo
530 3215 563 3274 id
593 3214 806 3275 incommodo.
857 3217 925 3276 Jam
957 3214 1174 3290 experimento
1259 3230 1262 3235 '

159 3317 323 3397 cognitum
343 3326 390 3375 est·
410 3307 510 3387 enim,
533 3336 600 3396 (pue
621 3314 660 3374 sit
676 3314 838 3375 bominum
854 3309 1035 3375 deVeuetis
1056 3311 1176 3390 opinio5

162 3441 256 3502 quam
287 3438 343 3476 sua
368 3416 427 3475 ista
461 3415 520 3475 sibi
552 3415 724 3493 petulantia
753 3425 961 3491 pepererunt,
993 3413 1178 3473 immensum

163 3519 309 3580 videlicet
327 3514 462 3577 nominis
479 3515 571 3576 huius
589 3515 713 3588 odium,
742 3514 830 3595 quod
847 3534 904 3592 per
922 3533 1047 3574 omnem
1065 3512 1178 3590 passim

164 3624 325 3697 Europam
346 3614 594 3689 disseminatum,
622 3616 683 3675 iam
709 3616 798 3688 olim,
825 3637 910 3675 nune
935 3616 1075 3688 tandem,
1106 3635 1179 3692 ape-

163 3720 263 3781 riente
284 3730 314 3778 te
334 3719 518 3788 fenestram,
547 3736 582 3774 ac
607 3736 731 3775 omnem
756 3715 924 3776 confestim
947 3716 1179 3776 cunctationem

165 3821 379 3891 abrumpente.
414 3818 515 3877 Unam
529 3818 607 3875 banc
621 3827 742 3895 pestem
756 3826 786 3875 te
799 3815 959 3896 indiguam
973 3817 1101 3876 fortuna
1117 3813 1179 3886 alit,

167 3941 229 4000 qua
255 3919 305 3978 isti
333 3917 442 3977 confisi
472 3917 641 3976 insolentes
673 3917 832 3989 homiues,
865 3915 941 3976 nulli
970 3899 1180 3994 pepercerunt

165 4017 303 4100 flagitio,
325 4028 355 4076 et
372 4019 486 4078 anullo
504 4028 714 4095 temperarunt
734 4016 903 4079 dedecore.
936 4017 1007 4095 Qua
1023 4013 1057 4075 in
1072 4034 1124 4088 re,
1145 4024 1181 4073 ut

913 4228 998 4399 1
