2640 4634
493 56 700 185 ,ρ’

139 313 210 386 200
499 304 785 404 Epigrammata

137 493 220 563 Lilia
238 497 307 576 plus
328 511 419 580 equo
438 506 493 558 tua
512 486 629 578 nempi
646 518 832 563 excrescere
851 501 954 575 videt,

189 639 194 656 ,
216 599 330 679 'seque
349 600 396 659 ala
415 598 545 660 nimium
563 599 742 664 luxuriante
762 601 845 664 vehi.

137 697 279 766 Proinde
300 698 378 781 quid
397 719 416 761 e
434 699 515 761 folio
536 701 709 780 decerpere
728 701 846 784 cogitat
862 700 939 775 illo,

213 800 318 880 Quem
336 811 368 861 te
386 800 468 864 intra
485 813 611 878 teneas,
636 801 874 889 constituetque
892 799 1032 866 modum

504 994 509 1000 .
582 982 722 999 U*

348 1117 415 1194 Ad
453 1115 660 1214 aquilam
696 1116 751 1191 de
788 1116 937 1189 Gallo.

137 1272 251 1342 Cernis
276 1290 312 1341 ut
329 1257 483 1344 'Insubres
508 1278 651 1361 migrarit
679 1278 790 1340 Gallus·
812 1277 845 1339 in
870 1276 992 1341 urbest

211 1379 254 1445 Ut.
274 1379 494 1443 Mediolanum
513 1379 737 1460 possideatque
758 1377 875 1441 tuum?

137 1473 252 1541 Cernis
280 1499 358 1557 apes
385 1481 474 1540 ltalas
495 1478 639 1542 hostilem
658 1478 809 1540 invadere
829 1478 1006 1552 Francum,

213 1581 288 1658 Quo
309 1578 365 1640 tibi
383 1579 503 1640 dotales
526 1578 700 1659 eripiantur
719 1579 820 1662 opes?

24 1707 28 1713 ·
136 1675 175 1743 ln
195 1655 228 1737 te
246 1687 414 1756 suspensas
435 1680 600 1764 oculisque
621 1681 795 1764 animisque
813 1692 861 1742 tot
883 1678 1006 1745 urbes?

31 1770 37 1779 ’
152 1779 155 1786 ’
212 1780 377 1848 Auxilium
385 1783 532 1862 populus
552 1793 665 1865 totque
683 1803 801 1846 vocare
818 1780 944 1849 tuum?

138 1873 231 1948 Tolle
250 1882 337 1945 leves
358 1881 462 1964 aquila
478 1904 616 1962 pennas,
648 1882 835 1964 Gallumque
854 1884 987 1957 coe'rce,

214 1981 284 2044 Jam
303 1993 357 2042 tua
375 1984 459 2046 nulla
478 1981 570 2065 quies
589 1982 770 2062 suspicione
791 1994 886 2048 caret.

138 2080 231 2146 Tolle
261 2082 366 2164 aquila
394 2084 447 2143 has
472 2103 610 2162 pennae,
647 2103 729 2161 opus.
755 2094 803 2143 est
827 2080 981 2164 torpentis
1006 2080 1041 2143 in
1066 2082 1124 2150 illo

210 2178 489 2255 Cunctarilacto,
519 2181 735 2264 desidiamque
754 2183 828 2261 pati.

137 2279 247 2343 Pande
268 2281 348 2355 alas,
374 2281 485 2363 regina
504 2281 630 2357 avium,
665 2284 836 2366 Gallosque
856 2287 1011 2354 coercens

187 2381 351 2450 <Desidiae
371 2368 488 2452 somno
503 2384 628 2453 concita
649 2404 755 2468 quaere
776 2384 896 2468 lugam.

188 2443 228 2513 ὲ,

582 2567 724 2586 m

486 2702 555 2778 aa
591 2647 809 2776 eanum.

139 2865 230 2929 Pone
255 2865 403 2939 modum,
432 2864 595 2944 rebusque
619 2862 681 2923 tuis
690 2905 701 2948 s,
729 2861 887 2944 animique
906 2862 1029 2938 furori,

216 2967 257 3027 Et
276 2987 352 3048 quaa
377 2976 409 3026 te
437 2983 533 3043 supra
556 2975 624 3038 est,
653 2961 824 3024 ambitione
849 2984 936 3030 vaca„

140 3066 183 3133 Ut
210 3065 357 3141 Latium,
391 3065 480 3147 quod
505 3084 579 3131 aves
606 3065 741 3139 habeas,
772 3064 933 3148 urbesque
957 3064 1107 3142 Latinas,

208 3169 250 3231 Et
270 3167 326 3229 tibi
351 3167 542 3234 Germanum
561 3177 668 3245 pareat
686 3166 864 3246 imperium.

142 3271 195 3336 Τιι
220 3280 324 3333 tamen
352 3268 506 3343 inferior,
541 3289 635 3350 quam
660 3280 695 3328 ut
717 3269 819 3348 possis
841 3269 899 3329 ista
918 3279 1045 3342 tenere,

119 3392 128 3410 '
220 3372 296 3452 Quae
322 3381 443 3446 tentas,
473 3382 598 3455 tergum
622 3374 683 3434 hoc
708 3370 851 3455 pondera
876 3370 962 3435 ferre
989 3369 1113 3456 nequit.

587 3545 729 3567 m

481 3678 548 3751 Ad
583 3676 822 3753 Eundem„

144 3833 250 3908 Galle,
282 3834 371 3913 cupis
397 3834 500 3910 Latii,
528 3845 559 3896 et
583 3835 693 3899 Romae
720 3837 898 3899 dominator
923 3837 1049 3912 haberi,

214 3934 382 4018 Regiaque
408 3934 533 4019 imperii
557 3956 689 4002 munera
715 3939 804 4002 Galle
827 3937 926 4018 cupis.
