<?xml version="1.0" encoding="UTF-8"?>
<!DOCTYPE html PUBLIC "-//W3C//DTD XHTML 1.0 Transitional//EN"
    "http://www.w3.org/TR/xhtml1/DTD/xhtml1-transitional.dtd">
<html xmlns="http://www.w3.org/1999/xhtml" xml:lang="en" lang="en">
 <head>
  <title>
</title>
<meta http-equiv="Content-Type" content="text/html;charset=utf-8" />
  <meta name='ocr-system' content='tesseract 3.04.00' />
  <meta name='ocr-capabilities' content='ocr_page ocr_carea ocr_par ocr_line ocrx_word'/>
</head>
<body>
  <div class='ocr_page' id='page_1' title='image "./ulrichiabhutten01mngoog_0133.png"; bbox 0 0 2640 4634; ppageno 0'>
   <div class='ocr_carea' id='block_1_1' title="bbox 544 313 726 430">
    <p class='ocr_par' dir='ltr' id='par_1_1' title="bbox 544 313 726 430">
     <span class='ocr_line' id='line_1_1' title="bbox 544 313 726 430; baseline -0.016 -27"><span class='ocrx_word' id='word_1_1' title='bbox 544 313 545 319; x_wconf 8' lang='grc' dir='ltr'>ἵ</span> <span class='ocrx_word' id='word_1_2' title='bbox 571 329 673 430; x_wconf 89' lang='lat' dir='ltr'><strong>Eleg.</strong></span> <span class='ocrx_word' id='word_1_3' title='bbox 699 329 726 401; x_wconf 91' lang='grc' dir='ltr'><strong>Ι.</strong></span> 
     </span>
    </p>
   </div>
   <div class='ocr_carea' id='block_1_2' title="bbox 134 523 1154 3847">
    <p class='ocr_par' dir='ltr' id='par_1_2' title="bbox 134 523 913 692">
     <span class='ocr_line' id='line_1_2' title="bbox 134 523 913 599; baseline -0.005 -13"><span class='ocrx_word' id='word_1_4' title='bbox 134 532 191 586; x_wconf 72' lang='lat' dir='ltr'><strong>&#39;Bis</strong></span> <span class='ocrx_word' id='word_1_5' title='bbox 212 532 275 583; x_wconf 77' lang='lat' dir='ltr'><strong>fera</strong></span> <span class='ocrx_word' id='word_1_6' title='bbox 294 529 385 582; x_wconf 83' lang='lat' dir='ltr'><strong>cessit</strong></span> <span class='ocrx_word' id='word_1_7' title='bbox 402 527 521 594; x_wconf 89' lang='lat' dir='ltr'><strong>hiems,</strong></span> <span class='ocrx_word' id='word_1_8' title='bbox 538 523 627 581; x_wconf 82' lang='lat' dir='ltr'><strong>toties</strong></span> <span class='ocrx_word' id='word_1_9' title='bbox 647 536 744 582; x_wconf 83' lang='lat' dir='ltr'><strong>aestatc</strong></span> <span class='ocrx_word' id='word_1_10' title='bbox 765 537 913 599; x_wconf 68' lang='lat' dir='ltr'><strong>peracta,</strong></span> 
     </span>
     <span class='ocr_line' id='line_1_3' title="bbox 208 624 881 692; baseline 0.004 -13"><span class='ocrx_word' id='word_1_11' title='bbox 208 625 247 679; x_wconf 91' lang='lat' dir='ltr'><strong>Et</strong></span> <span class='ocrx_word' id='word_1_12' title='bbox 264 624 402 676; x_wconf 84' lang='lat' dir='ltr'><strong>valetudo</strong></span> <span class='ocrx_word' id='word_1_13' title='bbox 421 632 538 689; x_wconf 85' lang='lat' dir='ltr'><strong>manet,</strong></span> <span class='ocrx_word' id='word_1_14' title='bbox 553 639 623 692; x_wconf 84' lang='lat' dir='ltr'><strong>quse</strong></span> <span class='ocrx_word' id='word_1_15' title='bbox 643 624 698 676; x_wconf 84' lang='lat' dir='ltr'><strong>fuit</strong></span> <span class='ocrx_word' id='word_1_16' title='bbox 716 632 780 678; x_wconf 86' lang='lat' dir='ltr'><strong>ante</strong></span> <span class='ocrx_word' id='word_1_17' title='bbox 800 625 881 681; x_wconf 84' lang='lat' dir='ltr'><strong>mihi.</strong></span> 
     </span>
    </p>

    <p class='ocr_par' dir='ltr' id='par_1_3' title="bbox 141 715 1093 878">
     <span class='ocr_line' id='line_1_4' title="bbox 141 715 1093 787; baseline 0.001 -14"><span class='ocrx_word' id='word_1_18' title='bbox 141 719 208 773; x_wconf 90' lang='lat' dir='ltr'><strong>Nec</strong></span> <span class='ocrx_word' id='word_1_19' title='bbox 226 716 321 769; x_wconf 80' lang='lat' dir='ltr'><strong>levius</strong></span> <span class='ocrx_word' id='word_1_20' title='bbox 342 716 457 785; x_wconf 86' lang='lat' dir='ltr'><strong>patior,</strong></span> <span class='ocrx_word' id='word_1_21' title='bbox 477 715 603 772; x_wconf 82' lang='lat' dir='ltr'><strong>morbus</strong></span> <span class='ocrx_word' id='word_1_22' title='bbox 622 732 744 787; x_wconf 91' lang='lat' dir='ltr'><strong>quoque</strong></span> <span class='ocrx_word' id='word_1_23' title='bbox 764 726 901 787; x_wconf 88' lang='lat' dir='ltr'><strong>tempore</strong></span> <span class='ocrx_word' id='word_1_24' title='bbox 921 721 1040 786; x_wconf 84' lang='lat' dir='ltr'><strong>crescit,</strong></span> <span class='ocrx_word' id='word_1_25' title='bbox 1091 737 1093 740; x_wconf 54' lang='lat'><strong><em>⁴</em></strong></span> 
     </span>
     <span class='ocr_line' id='line_1_5' title="bbox 209 807 940 878; baseline 0.004 -16"><span class='ocrx_word' id='word_1_26' title='bbox 209 811 359 878; x_wconf 83' lang='lat' dir='ltr'><strong>Foedaquc</strong></span> <span class='ocrx_word' id='word_1_27' title='bbox 380 807 546 862; x_wconf 89' lang='lat' dir='ltr'><strong>crescendo</strong></span> <span class='ocrx_word' id='word_1_28' title='bbox 566 819 610 862; x_wconf 87' lang='lat' dir='ltr'><strong>cst</strong></span> <span class='ocrx_word' id='word_1_29' title='bbox 627 809 744 863; x_wconf 89' lang='lat' dir='ltr'><strong>viribus</strong></span> <span class='ocrx_word' id='word_1_30' title='bbox 764 818 847 863; x_wconf 81' lang='lat' dir='ltr'><strong>aucta</strong></span> <span class='ocrx_word' id='word_1_31' title='bbox 866 811 940 870; x_wconf 85' lang='lat' dir='ltr'><strong>lues.</strong></span> 
     </span>
    </p>

    <p class='ocr_par' dir='ltr' id='par_1_4' title="bbox 141 901 932 1066">
     <span class='ocr_line' id='line_1_6' title="bbox 141 901 854 970; baseline -0.003 -11"><span class='ocrx_word' id='word_1_32' title='bbox 141 905 188 959; x_wconf 91' lang='lat' dir='ltr'><strong>Sic</strong></span> <span class='ocrx_word' id='word_1_33' title='bbox 207 919 279 970; x_wconf 76' lang='lat' dir='ltr'><strong>vaga</strong></span> <span class='ocrx_word' id='word_1_34' title='bbox 301 901 449 955; x_wconf 83' lang='lat' dir='ltr'>continuis</span> <span class='ocrx_word' id='word_1_35' title='bbox 470 909 612 969; x_wconf 85' lang='lat' dir='ltr'><strong>augentur</strong></span> <span class='ocrx_word' id='word_1_36' title='bbox 630 902 749 957; x_wconf 83' lang='lat' dir='ltr'><strong>flumina</strong></span> <span class='ocrx_word' id='word_1_37' title='bbox 767 902 854 970; x_wconf 77' lang='lat' dir='ltr'><strong>rivi8,&#39;</strong></span> 
     </span>
     <span class='ocr_line' id='line_1_7' title="bbox 208 995 932 1066; baseline 0.001 -17"><span class='ocrx_word' id='word_1_38' title='bbox 208 997 256 1049; x_wconf 90' lang='lat' dir='ltr'><strong>Sic</strong></span> <span class='ocrx_word' id='word_1_39' title='bbox 275 1011 365 1062; x_wconf 88' lang='lat' dir='ltr'><strong>rogus</strong></span> <span class='ocrx_word' id='word_1_40' title='bbox 384 995 525 1062; x_wconf 79' lang='lat' dir='ltr'><strong>insurgit,</strong></span> <span class='ocrx_word' id='word_1_41' title='bbox 549 995 599 1064; x_wconf 94' lang='lat' dir='ltr'><strong>qui</strong></span> <span class='ocrx_word' id='word_1_42' title='bbox 619 995 711 1049; x_wconf 86' lang='lat' dir='ltr'><strong>modo</strong></span> <span class='ocrx_word' id='word_1_43' title='bbox 731 1013 840 1066; x_wconf 79' lang='lat' dir='ltr'><strong>parvus</strong></span> <span class='ocrx_word' id='word_1_44' title='bbox 860 1006 932 1065; x_wconf 86' lang='lat' dir='ltr'><strong>erat,</strong></span> 
     </span>
    </p>

    <p class='ocr_par' dir='ltr' id='par_1_5' title="bbox 140 1083 1154 1250">
     <span class='ocr_line' id='line_1_8' title="bbox 140 1083 1154 1160; baseline 0.008 -18"><span class='ocrx_word' id='word_1_45' title='bbox 140 1091 212 1145; x_wconf 92' lang='lat' dir='ltr'><strong>Non</strong></span> <span class='ocrx_word' id='word_1_46' title='bbox 234 1083 342 1158; x_wconf 82' lang='lat' dir='ltr'><strong>querar</strong></span> <span class='ocrx_word' id='word_1_47' title='bbox 361 1088 413 1140; x_wconf 86' lang='lat' dir='ltr'><strong>ista</strong></span> <span class='ocrx_word' id='word_1_48' title='bbox 432 1083 548 1154; x_wconf 79' lang='lat' dir='ltr'><strong>tamen,</strong></span> <span class='ocrx_word' id='word_1_49' title='bbox 568 1090 743 1157; x_wconf 79' lang='lat' dir='ltr'><strong>nocemur,</strong></span> <span class='ocrx_word' id='word_1_50' title='bbox 771 1105 837 1159; x_wconf 85' lang='lat' dir='ltr'><strong>quae</strong></span> <span class='ocrx_word' id='word_1_51' title='bbox 857 1091 937 1144; x_wconf 83' lang='lat' dir='ltr'><strong>ferre</strong></span> <span class='ocrx_word' id='word_1_52' title='bbox 954 1091 1080 1160; x_wconf 72' lang='lat' dir='ltr'><strong>necgsse</strong></span> <span class='ocrx_word' id='word_1_53' title='bbox 1101 1102 1154 1150; x_wconf 81' lang='lat' dir='ltr'><strong>est.</strong></span> 
     </span>
     <span class='ocr_line' id='line_1_9' title="bbox 208 1181 798 1250; baseline 0.003 -15"><span class='ocrx_word' id='word_1_54' title='bbox 208 1184 280 1236; x_wconf 88' lang='lat' dir='ltr'><strong>Haec</strong></span> <span class='ocrx_word' id='word_1_55' title='bbox 299 1181 445 1248; x_wconf 84' lang='lat' dir='ltr'><strong>indignato</strong></span> <span class='ocrx_word' id='word_1_56' title='bbox 467 1189 591 1250; x_wconf 83' lang='lat' dir='ltr'>pectore</span> <span class='ocrx_word' id='word_1_57' title='bbox 610 1183 691 1236; x_wconf 81' lang='lat' dir='ltr'><strong>ferre</strong></span> <span class='ocrx_word' id='word_1_58' title='bbox 709 1183 798 1247; x_wconf 84' lang='lat' dir='ltr'><strong>licet;</strong></span> 
     </span>
    </p>

    <p class='ocr_par' dir='ltr' id='par_1_6' title="bbox 141 1274 989 1441">
     <span class='ocr_line' id='line_1_10' title="bbox 141 1274 939 1344; baseline 0 -13"><span class='ocrx_word' id='word_1_59' title='bbox 141 1277 197 1332; x_wconf 75' lang='lat' dir='ltr'><strong>Sed</strong></span> <span class='ocrx_word' id='word_1_60' title='bbox 215 1284 317 1328; x_wconf 87' lang='lat' dir='ltr'><strong>movet</strong></span> <span class='ocrx_word' id='word_1_61' title='bbox 335 1276 363 1328; x_wconf 91' lang='lat' dir='ltr'><strong>in</strong></span> <span class='ocrx_word' id='word_1_62' title='bbox 381 1275 471 1327; x_wconf 90' lang='lat' dir='ltr'><strong>nobis</strong></span> <span class='ocrx_word' id='word_1_63' title='bbox 490 1274 691 1329; x_wconf 84' lang='lat' dir='ltr'><strong>miserandum</strong></span> <span class='ocrx_word' id='word_1_64' title='bbox 708 1277 835 1332; x_wconf 84' lang='lat' dir='ltr'><strong>Lossius</strong></span> <span class='ocrx_word' id='word_1_65' title='bbox 855 1278 939 1344; x_wconf 86' lang='lat' dir='ltr'><strong>iram,</strong></span> 
     </span>
     <span class='ocr_line' id='line_1_11' title="bbox 206 1368 989 1441; baseline -0.003 -18"><span class='ocrx_word' id='word_1_66' title='bbox 206 1370 274 1423; x_wconf 91' lang='lat' dir='ltr'><strong>Diis</strong></span> <span class='ocrx_word' id='word_1_67' title='bbox 293 1378 397 1422; x_wconf 89' lang='lat' dir='ltr'><strong>notum</strong></span> <span class='ocrx_word' id='word_1_68' title='bbox 418 1379 484 1436; x_wconf 86' lang='lat' dir='ltr'><strong>est,</strong></span> <span class='ocrx_word' id='word_1_69' title='bbox 502 1368 589 1422; x_wconf 85' lang='lat' dir='ltr'><strong>liceat</strong></span> <span class='ocrx_word' id='word_1_70' title='bbox 607 1386 696 1440; x_wconf 82' lang='lat' dir='ltr'><strong>quum</strong></span> <span class='ocrx_word' id='word_1_71' title='bbox 717 1371 790 1430; x_wconf 89' lang='lat' dir='ltr'><strong>mihi</strong></span> <span class='ocrx_word' id='word_1_72' title='bbox 804 1372 873 1440; x_wconf 88' lang='lat' dir='ltr'><strong>jure</strong></span> <span class='ocrx_word' id='word_1_73' title='bbox 894 1371 989 1441; x_wconf 85' lang='lat' dir='ltr'><strong>queri.</strong></span> 
     </span>
    </p>

    <p class='ocr_par' dir='ltr' id='par_1_7' title="bbox 140 1463 847 1629">
     <span class='ocr_line' id='line_1_12' title="bbox 140 1463 847 1534; baseline 0.001 -17"><span class='ocrx_word' id='word_1_74' title='bbox 140 1463 194 1517; x_wconf 85' lang='lat' dir='ltr'><strong>Ille</strong></span> <span class='ocrx_word' id='word_1_75' title='bbox 213 1463 313 1515; x_wconf 82' lang='lat' dir='ltr'><strong>febres</strong></span> <span class='ocrx_word' id='word_1_76' title='bbox 332 1471 440 1531; x_wconf 77' lang='lat' dir='ltr'><strong>praeter</strong></span> <span class='ocrx_word' id='word_1_77' title='bbox 458 1463 576 1516; x_wconf 82' lang='lat' dir='ltr'><strong>mortali</strong></span> <span class='ocrx_word' id='word_1_78' title='bbox 596 1465 721 1518; x_wconf 86' lang='lat' dir='ltr'><strong>vulnere</strong></span> <span class='ocrx_word' id='word_1_79' title='bbox 741 1481 847 1534; x_wconf 85' lang='lat' dir='ltr'><strong>presso</strong></span> 
     </span>
     <span class='ocr_line' id='line_1_13' title="bbox 207 1556 839 1629; baseline 0.003 -21"><span class='ocrx_word' id='word_1_80' title='bbox 207 1556 353 1608; x_wconf 83' lang='lat' dir='ltr'><strong>Accineto</strong></span> <span class='ocrx_word' id='word_1_81' title='bbox 372 1556 490 1622; x_wconf 83' lang='lat' dir='ltr'><strong>longae,</strong></span> <span class='ocrx_word' id='word_1_82' title='bbox 510 1565 591 1629; x_wconf 87' lang='lat' dir='ltr'><strong>sorte</strong></span> <span class='ocrx_word' id='word_1_83' title='bbox 605 1557 755 1625; x_wconf 80' lang='lat' dir='ltr'><strong>jubente,</strong></span> <span class='ocrx_word' id='word_1_84' title='bbox 774 1558 839 1625; x_wconf 79' lang='lat' dir='ltr'><strong>vise,</strong></span> 
     </span>
    </p>

    <p class='ocr_par' dir='ltr' id='par_1_8' title="bbox 140 1649 1044 1813">
     <span class='ocr_line' id='line_1_14' title="bbox 140 1649 847 1718; baseline 0 -14"><span class='ocrx_word' id='word_1_85' title='bbox 140 1650 316 1704; x_wconf 79' lang='lat' dir='ltr'><strong>Infandum!</strong></span> <span class='ocrx_word' id='word_1_86' title='bbox 335 1649 446 1701; x_wconf 87' lang='lat' dir='ltr'><strong>misero</strong></span> <span class='ocrx_word' id='word_1_87' title='bbox 467 1650 581 1702; x_wconf 77' lang='lat' dir='ltr'><strong>foturus</strong></span> <span class='ocrx_word' id='word_1_88' title='bbox 599 1667 730 1718; x_wconf 89' lang='lat' dir='ltr'><strong>corpore</strong></span> <span class='ocrx_word' id='word_1_89' title='bbox 741 1662 847 1704; x_wconf 25' lang='lat' dir='ltr'><strong>,vestes</strong></span> 
     </span>
     <span class='ocr_line' id='line_1_15' title="bbox 207 1741 1044 1813; baseline 0.007 -19"><span class='ocrx_word' id='word_1_90' title='bbox 207 1741 385 1806; x_wconf 85' lang='lat' dir='ltr'><strong>Abstrahit‚</strong></span> <span class='ocrx_word' id='word_1_91' title='bbox 404 1749 432 1793; x_wconf 88' lang='lat' dir='ltr'><strong>et</strong></span> <span class='ocrx_word' id='word_1_92' title='bbox 450 1741 593 1793; x_wconf 83' lang='lat' dir='ltr'><strong>morbum</strong></span> <span class='ocrx_word' id='word_1_93' title='bbox 612 1742 698 1810; x_wconf 91' lang='lat' dir='ltr'><strong>quod</strong></span> <span class='ocrx_word' id='word_1_94' title='bbox 718 1753 838 1810; x_wconf 84' lang='lat' dir='ltr'><strong>gravet,</strong></span> <span class='ocrx_word' id='word_1_95' title='bbox 863 1745 939 1798; x_wconf 82' lang='lat' dir='ltr'>addit</span> <span class='ocrx_word' id='word_1_96' title='bbox 958 1763 1044 1813; x_wconf 87' lang='lat' dir='ltr'><strong>onus,</strong></span> 
     </span>
    </p>

    <p class='ocr_par' dir='ltr' id='par_1_9' title="bbox 138 1834 993 2005">
     <span class='ocr_line' id='line_1_16' title="bbox 138 1834 993 1904; baseline 0 -15"><span class='ocrx_word' id='word_1_97' title='bbox 138 1837 230 1890; x_wconf 87' lang='lat' dir='ltr'><strong>Nulia</strong></span> <span class='ocrx_word' id='word_1_98' title='bbox 249 1835 314 1888; x_wconf 88' lang='lat' dir='ltr'><strong>viro</strong></span> <span class='ocrx_word' id='word_1_99' title='bbox 334 1834 450 1903; x_wconf 84' lang='lat' dir='ltr'><strong>pietas,</strong></span> <span class='ocrx_word' id='word_1_100' title='bbox 469 1850 568 1903; x_wconf 90' lang='lat' dir='ltr'><strong>nequc</strong></span> <span class='ocrx_word' id='word_1_101' title='bbox 587 1834 667 1887; x_wconf 88' lang='lat' dir='ltr'><strong>enim</strong></span> <span class='ocrx_word' id='word_1_102' title='bbox 689 1835 864 1888; x_wconf 85' lang='lat' dir='ltr'><strong>emiseratur</strong></span> <span class='ocrx_word' id='word_1_103' title='bbox 881 1846 993 1904; x_wconf 87' lang='lat' dir='ltr'><strong>untem,</strong></span> 
     </span>
     <span class='ocr_line' id='line_1_17' title="bbox 206 1927 917 2005; baseline -0.004 -23"><span class='ocrx_word' id='word_1_104' title='bbox 206 1930 246 1982; x_wconf 93' lang='lat' dir='ltr'><strong>Ut</strong></span> <span class='ocrx_word' id='word_1_105' title='bbox 263 1927 383 1993; x_wconf 83' lang='lat' dir='ltr'><strong>decuit,</strong></span> <span class='ocrx_word' id='word_1_106' title='bbox 399 1929 525 2005; x_wconf 18' lang='lat' dir='ltr'><strong>&#39;longum</strong></span> <span class='ocrx_word' id='word_1_107' title='bbox 543 1944 597 1996; x_wconf 88' lang='lat' dir='ltr'><strong>per</strong></span> <span class='ocrx_word' id='word_1_108' title='bbox 617 1944 711 1995; x_wconf 86' lang='lat' dir='ltr'><strong>grave</strong></span> <span class='ocrx_word' id='word_1_109' title='bbox 730 1929 822 1997; x_wconf 80' lang='lat' dir='ltr'><strong>frigus</strong></span> <span class='ocrx_word' id='word_1_110' title='bbox 845 1929 917 1996; x_wconf 78' lang='lat' dir='ltr'><strong>iter,</strong></span> 
     </span>
    </p>

    <p class='ocr_par' dir='ltr' id='par_1_10' title="bbox 139 2018 1096 2182">
     <span class='ocr_line' id='line_1_18' title="bbox 139 2018 1096 2093; baseline 0 -16"><span class='ocrx_word' id='word_1_111' title='bbox 139 2022 211 2089; x_wconf 82' lang='lat' dir='ltr'><strong>Dii,</strong></span> <span class='ocrx_word' id='word_1_112' title='bbox 229 2031 334 2073; x_wconf 91' lang='lat' dir='ltr'><strong>notum</strong></span> <span class='ocrx_word' id='word_1_113' title='bbox 354 2029 398 2074; x_wconf 88' lang='lat' dir='ltr'><strong>est</strong></span> <span class='ocrx_word' id='word_1_114' title='bbox 416 2018 533 2086; x_wconf 91' lang='lat' dir='ltr'><strong>Vobis,</strong></span> <span class='ocrx_word' id='word_1_115' title='bbox 551 2029 694 2090; x_wconf 84' lang='lat' dir='ltr'><strong>quantum</strong></span> <span class='ocrx_word' id='word_1_116' title='bbox 714 2020 771 2074; x_wconf 92' lang='lat' dir='ltr'><strong>isto</strong></span> <span class='ocrx_word' id='word_1_117' title='bbox 794 2037 832 2074; x_wconf 87' lang='lat' dir='ltr'><strong>ex</strong></span> <span class='ocrx_word' id='word_1_118' title='bbox 849 2030 986 2093; x_wconf 88' lang='lat' dir='ltr'><strong>tempore</strong></span> <span class='ocrx_word' id='word_1_119' title='bbox 1004 2025 1096 2093; x_wconf 76' lang='lat' dir='ltr'><strong>pestis</strong></span> 
     </span>
     <span class='ocr_line' id='line_1_19' title="bbox 206 2112 904 2182; baseline 0.003 -16"><span class='ocrx_word' id='word_1_120' title='bbox 206 2116 301 2166; x_wconf 84' lang='lat' dir='ltr'><strong>Aucta</strong></span> <span class='ocrx_word' id='word_1_121' title='bbox 320 2114 378 2179; x_wconf 89' lang='lat' dir='ltr'><strong>sit,</strong></span> <span class='ocrx_word' id='word_1_122' title='bbox 399 2112 427 2164; x_wconf 89' lang='lat' dir='ltr'><strong>in</strong></span> <span class='ocrx_word' id='word_1_123' title='bbox 445 2112 535 2166; x_wconf 90' lang='lat' dir='ltr'><strong>nobis</strong></span> <span class='ocrx_word' id='word_1_124' title='bbox 554 2130 618 2182; x_wconf 79' lang='lat' dir='ltr'><strong>quse</strong></span> <span class='ocrx_word' id='word_1_125' title='bbox 636 2113 691 2165; x_wconf 87' lang='lat' dir='ltr'><strong>fuit</strong></span> <span class='ocrx_word' id='word_1_126' title='bbox 710 2121 776 2166; x_wconf 84' lang='lat' dir='ltr'><strong>ante</strong></span> <span class='ocrx_word' id='word_1_127' title='bbox 794 2113 904 2170; x_wconf 84' lang='lat' dir='ltr'><strong>minor.</strong></span> 
     </span>
    </p>

    <p class='ocr_par' dir='ltr' id='par_1_11' title="bbox 141 2205 863 2368">
     <span class='ocr_line' id='line_1_20' title="bbox 141 2205 863 2277; baseline -0.001 -16"><span class='ocrx_word' id='word_1_128' title='bbox 141 2208 241 2277; x_wconf 89' lang='lat' dir='ltr'><strong>Ipsum</strong></span> <span class='ocrx_word' id='word_1_129' title='bbox 260 2206 339 2258; x_wconf 90' lang='lat' dir='ltr'><strong>enim</strong></span> <span class='ocrx_word' id='word_1_130' title='bbox 357 2206 464 2258; x_wconf 90' lang='lat' dir='ltr'><strong>vulnus</strong></span> <span class='ocrx_word' id='word_1_131' title='bbox 484 2205 623 2275; x_wconf 87' lang='lat' dir='ltr'><strong>concepti</strong></span> <span class='ocrx_word' id='word_1_132' title='bbox 645 2205 766 2273; x_wconf 84' lang='lat' dir='ltr'><strong>frigoris</strong></span> <span class='ocrx_word' id='word_1_133' title='bbox 786 2207 863 2260; x_wconf 91' lang='lat' dir='ltr'><strong>intus</strong></span> 
     </span>
     <span class='ocr_line' id='line_1_21' title="bbox 208 2298 818 2368; baseline 0.003 -17"><span class='ocrx_word' id='word_1_134' title='bbox 208 2300 334 2360; x_wconf 82' lang='lat' dir='ltr'><strong>Intendit</strong></span> <span class='ocrx_word' id='word_1_135' title='bbox 353 2299 418 2351; x_wconf 85' lang='lat' dir='ltr'><strong>vitae</strong></span> <span class='ocrx_word' id='word_1_136' title='bbox 441 2306 580 2368; x_wconf 87' lang='lat' dir='ltr'><strong>prompta</strong></span> <span class='ocrx_word' id='word_1_137' title='bbox 598 2298 714 2366; x_wconf 84' lang='lat' dir='ltr'><strong>pericla</strong></span> <span class='ocrx_word' id='word_1_138' title='bbox 733 2316 818 2368; x_wconf 85' lang='lat' dir='ltr'><strong>meae,</strong></span> 
     </span>
    </p>

    <p class='ocr_par' dir='ltr' id='par_1_12' title="bbox 141 2390 908 2541">
     <span class='ocr_line' id='line_1_22' title="bbox 141 2390 908 2466; baseline -0.001 -20"><span class='ocrx_word' id='word_1_139' title='bbox 141 2391 200 2466; x_wconf 76' lang='lat' dir='ltr'><strong>Qti</strong></span> <span class='ocrx_word' id='word_1_140' title='bbox 214 2393 316 2459; x_wconf 83' lang='lat' dir='ltr'><strong>jacui,</strong></span> <span class='ocrx_word' id='word_1_141' title='bbox 338 2392 444 2446; x_wconf 88' lang='lat' dir='ltr'><strong>durum</strong></span> <span class='ocrx_word' id='word_1_142' title='bbox 463 2390 632 2444; x_wconf 86' lang='lat' dir='ltr'><strong>vehementi</strong></span> <span class='ocrx_word' id='word_1_143' title='bbox 655 2391 767 2459; x_wconf 86' lang='lat' dir='ltr'><strong>frigore</strong></span> <span class='ocrx_word' id='word_1_144' title='bbox 786 2408 908 2463; x_wconf 88' lang='lat' dir='ltr'><strong>corpus,</strong></span> 
     </span>
     <span class='ocr_line' id='line_1_23' title="bbox 208 2482 864 2541; baseline 0.002 -2"><span class='ocrx_word' id='word_1_145' title='bbox 208 2485 379 2539; x_wconf 84' lang='lat' dir='ltr'><strong>Semineces</strong></span> <span class='ocrx_word' id='word_1_146' title='bbox 397 2483 508 2537; x_wconf 91' lang='lat' dir='ltr'><strong>morbo</strong></span> <span class='ocrx_word' id='word_1_147' title='bbox 529 2482 719 2537; x_wconf 87' lang='lat' dir='ltr'><strong>concutiente</strong></span> <span class='ocrx_word' id='word_1_148' title='bbox 740 2491 864 2541; x_wconf 83' lang='lat' dir='ltr'><strong>manus!</strong></span> 
     </span>
    </p>

    <p class='ocr_par' dir='ltr' id='par_1_13' title="bbox 143 2576 901 2738">
     <span class='ocr_line' id='line_1_24' title="bbox 143 2576 901 2650; baseline 0.001 -20"><span class='ocrx_word' id='word_1_149' title='bbox 143 2576 256 2650; x_wconf 74' lang='lat' dir='ltr'><strong>Quique</strong></span> <span class='ocrx_word' id='word_1_150' title='bbox 276 2576 453 2646; x_wconf 84' lang='lat' dir='ltr'><strong>peregrinos</strong></span> <span class='ocrx_word' id='word_1_151' title='bbox 473 2577 501 2628; x_wconf 88' lang='lat' dir='ltr'><strong>in</strong></span> <span class='ocrx_word' id='word_1_152' title='bbox 522 2593 655 2629; x_wconf 85' lang='lat' dir='ltr'><strong>concava</strong></span> <span class='ocrx_word' id='word_1_153' title='bbox 674 2577 799 2630; x_wconf 84' lang='lat' dir='ltr'><strong>vulnera</strong></span> <span class='ocrx_word' id='word_1_154' title='bbox 817 2580 901 2632; x_wconf 87' lang='lat' dir='ltr'><strong>fletus</strong></span> 
     </span>
     <span class='ocr_line' id='line_1_25' title="bbox 208 2655 897 2738; baseline -0.001 -14"><span class='ocrx_word' id='word_1_155' title='bbox 208 2655 386 2734; x_wconf 72' lang='lat' dir='ltr'><strong>Commoui,</strong></span> <span class='ocrx_word' id='word_1_156' title='bbox 405 2676 437 2720; x_wconf 90' lang='lat' dir='ltr'><strong>ut</strong></span> <span class='ocrx_word' id='word_1_157' title='bbox 454 2668 534 2726; x_wconf 79' lang='lat' dir='ltr'><strong>varia</strong></span> <span class='ocrx_word' id='word_1_158' title='bbox 553 2683 618 2721; x_wconf 92' lang='lat' dir='ltr'><strong>surn</strong></span> <span class='ocrx_word' id='word_1_159' title='bbox 642 2677 802 2722; x_wconf 83' lang='lat' dir='ltr'><strong>revocatus</strong></span> <span class='ocrx_word' id='word_1_160' title='bbox 821 2673 897 2738; x_wconf 81' lang='lat' dir='ltr'><strong>ope!</strong></span> 
     </span>
    </p>

    <p class='ocr_par' dir='ltr' id='par_1_14' title="bbox 143 2752 1047 2925">
     <span class='ocr_line' id='line_1_26' title="bbox 143 2752 1047 2837; baseline 0.001 -21"><span class='ocrx_word' id='word_1_161' title='bbox 143 2763 238 2837; x_wconf 73' lang='lat' dir='ltr'><strong>Quem</strong></span> <span class='ocrx_word' id='word_1_162' title='bbox 256 2780 318 2816; x_wconf 92' lang='lat' dir='ltr'><strong>non</strong></span> <span class='ocrx_word' id='word_1_163' title='bbox 337 2764 554 2832; x_wconf 88' lang='lat' dir='ltr'><strong>permoveam?</strong></span> <span class='ocrx_word' id='word_1_164' title='bbox 578 2752 625 2814; x_wconf 85' lang='lat' dir='ltr'><strong>cui</strong></span> <span class='ocrx_word' id='word_1_165' title='bbox 647 2777 709 2814; x_wconf 91' lang='lat' dir='ltr'><strong>non</strong></span> <span class='ocrx_word' id='word_1_166' title='bbox 727 2761 907 2820; x_wconf 81' lang='lat' dir='ltr'><strong>miserabilis</strong></span> <span class='ocrx_word' id='word_1_167' title='bbox 927 2765 1047 2817; x_wconf 81' lang='lat' dir='ltr'><strong>essem?</strong></span> 
     </span>
     <span class='ocr_line' id='line_1_27' title="bbox 207 2837 884 2925; baseline 0 -15"><span class='ocrx_word' id='word_1_168' title='bbox 207 2855 267 2910; x_wconf 82' lang='lat' dir='ltr'><strong>Res</strong></span> <span class='ocrx_word' id='word_1_169' title='bbox 287 2857 366 2908; x_wconf 87' lang='lat' dir='ltr'><strong>foret</strong></span> <span class='ocrx_word' id='word_1_170' title='bbox 385 2855 451 2908; x_wconf 81' lang='lat' dir='ltr'><strong>haec</strong></span> <span class='ocrx_word' id='word_1_171' title='bbox 469 2856 550 2907; x_wconf 89' lang='lat' dir='ltr'><strong>duris</strong></span> <span class='ocrx_word' id='word_1_172' title='bbox 571 2837 884 2925; x_wconf 78' lang='lat' dir='ltr'><strong>illacrymanda&#39;feris.</strong></span> 
     </span>
    </p>

    <p class='ocr_par' dir='ltr' id='par_1_15' title="bbox 141 2947 910 3111">
     <span class='ocr_line' id='line_1_28' title="bbox 141 2947 910 3018; baseline 0 -16"><span class='ocrx_word' id='word_1_173' title='bbox 141 2950 228 3002; x_wconf 86' lang='lat' dir='ltr'><strong>Tunc</strong></span> <span class='ocrx_word' id='word_1_174' title='bbox 246 2949 381 3002; x_wconf 79' lang='lat' dir='ltr'><strong>Phalaris</strong></span> <span class='ocrx_word' id='word_1_175' title='bbox 400 2949 495 3018; x_wconf 86' lang='lat' dir='ltr'><strong>potuit</strong></span> <span class='ocrx_word' id='word_1_176' title='bbox 515 2947 614 3017; x_wconf 85' lang='lat' dir='ltr'><strong>posito</strong></span> <span class='ocrx_word' id='word_1_177' title='bbox 634 2949 751 3002; x_wconf 88' lang='lat' dir='ltr'><strong>flevisse</strong></span> <span class='ocrx_word' id='word_1_178' title='bbox 764 2950 910 3017; x_wconf 76' lang='lat' dir='ltr'><strong>Juvenco,</strong></span> 
     </span>
     <span class='ocr_line' id='line_1_29' title="bbox 206 3041 833 3111; baseline -0.002 -16"><span class='ocrx_word' id='word_1_179' title='bbox 206 3042 320 3095; x_wconf 83' lang='lat' dir='ltr'><strong>Busiris</strong></span> <span class='ocrx_word' id='word_1_180' title='bbox 338 3049 478 3094; x_wconf 87' lang='lat' dir='ltr'><strong>moestum</strong></span> <span class='ocrx_word' id='word_1_181' title='bbox 498 3041 720 3108; x_wconf 85' lang='lat' dir='ltr'><strong>congemuisset</strong></span> <span class='ocrx_word' id='word_1_182' title='bbox 739 3058 814 3111; x_wconf 87' lang='lat' dir='ltr'><strong>opus</strong></span> <span class='ocrx_word' id='word_1_183' title='bbox 824 3060 833 3109; x_wconf 85' lang='lat'>3</span> 
     </span>
    </p>

    <p class='ocr_par' dir='ltr' id='par_1_16' title="bbox 143 3130 1107 3294">
     <span class='ocr_line' id='line_1_30' title="bbox 143 3130 1107 3202; baseline -0.001 -15"><span class='ocrx_word' id='word_1_184' title='bbox 143 3135 228 3187; x_wconf 90' lang='lat' dir='ltr'><strong>Tune</strong></span> <span class='ocrx_word' id='word_1_185' title='bbox 248 3136 329 3187; x_wconf 85' lang='lat' dir='ltr'><strong>ferus</strong></span> <span class='ocrx_word' id='word_1_186' title='bbox 347 3133 557 3202; x_wconf 79' lang='lat' dir='ltr'><strong>Eurystheus,</strong></span> <span class='ocrx_word' id='word_1_187' title='bbox 578 3142 649 3185; x_wconf 87' lang='lat' dir='ltr'><strong>tune</strong></span> <span class='ocrx_word' id='word_1_188' title='bbox 674 3134 824 3187; x_wconf 85' lang='lat' dir='ltr'><strong>Thracius</strong></span> <span class='ocrx_word' id='word_1_189' title='bbox 845 3150 899 3185; x_wconf 89' lang='lat' dir='ltr'><strong>orc</strong></span> <span class='ocrx_word' id='word_1_190' title='bbox 918 3141 1058 3199; x_wconf 82' lang='lat' dir='ltr'><strong>tyrannus</strong></span> <span class='ocrx_word' id='word_1_191' title='bbox 1076 3130 1107 3202; x_wconf 77' lang='lat'><strong>*)</strong></span> 
     </span>
     <span class='ocr_line' id='line_1_31' title="bbox 207 3219 876 3294; baseline -0.009 -13"><span class='ocrx_word' id='word_1_192' title='bbox 207 3227 383 3281; x_wconf 88' lang='lat' dir='ltr'><strong>Dixissent:</strong></span> <span class='ocrx_word' id='word_1_193' title='bbox 403 3225 515 3294; x_wconf 84' lang='lat' dir='ltr'><strong>„poenis</strong></span> <span class='ocrx_word' id='word_1_194' title='bbox 535 3232 581 3277; x_wconf 92' lang='lat' dir='ltr'><strong>est</strong></span> <span class='ocrx_word' id='word_1_195' title='bbox 596 3225 698 3278; x_wconf 90' lang='lat' dir='ltr'><strong>minor</strong></span> <span class='ocrx_word' id='word_1_196' title='bbox 718 3219 766 3277; x_wconf 88' lang='lat' dir='ltr'><strong>iile</strong></span> <span class='ocrx_word' id='word_1_197' title='bbox 786 3223 876 3276; x_wconf 87' lang='lat' dir='ltr'><strong>suis.“</strong></span> 
     </span>
    </p>

    <p class='ocr_par' dir='ltr' id='par_1_17' title="bbox 142 3314 1076 3476">
     <span class='ocr_line' id='line_1_32' title="bbox 142 3314 1076 3387; baseline -0.006 -13"><span class='ocrx_word' id='word_1_198' title='bbox 142 3320 310 3374; x_wconf 88' lang='lat' dir='ltr'><strong>Movissem</strong></span> <span class='ocrx_word' id='word_1_199' title='bbox 329 3329 510 3387; x_wconf 85' lang='lat' dir='ltr'><strong>torvumque</strong></span> <span class='ocrx_word' id='word_1_200' title='bbox 529 3316 642 3382; x_wconf 88' lang='lat' dir='ltr'><strong>Sinim,</strong></span> <span class='ocrx_word' id='word_1_201' title='bbox 663 3317 850 3386; x_wconf 89' lang='lat' dir='ltr'><strong>crudumque</strong></span> <span class='ocrx_word' id='word_1_202' title='bbox 868 3314 1076 3380; x_wconf 81' lang='lat' dir='ltr'><strong>Procrustcm,</strong></span> 
     </span>
     <span class='ocr_line' id='line_1_33' title="bbox 208 3408 810 3476; baseline -0.012 -9"><span class='ocrx_word' id='word_1_203' title='bbox 208 3414 386 3467; x_wconf 88' lang='lat' dir='ltr'><strong>Traxissem</strong></span> <span class='ocrx_word' id='word_1_204' title='bbox 405 3410 521 3464; x_wconf 83' lang='lat' dir='ltr'><strong>rabidas</strong></span> <span class='ocrx_word' id='word_1_205' title='bbox 540 3427 555 3462; x_wconf 83' lang='lat' dir='ltr'>a</span> <span class='ocrx_word' id='word_1_206' title='bbox 574 3410 690 3469; x_wconf 81' lang='lat' dir='ltr'><strong>feritate</strong></span> <span class='ocrx_word' id='word_1_207' title='bbox 709 3408 810 3476; x_wconf 83' lang='lat' dir='ltr'><strong>tigres.</strong></span> 
     </span>
    </p>

    <p class='ocr_par' dir='ltr' id='par_1_18' title="bbox 143 3485 964 3662">
     <span class='ocr_line' id='line_1_34' title="bbox 143 3485 964 3571; baseline -0.012 -12"><span class='ocrx_word' id='word_1_208' title='bbox 143 3506 250 3561; x_wconf 82' lang='lat' dir='ltr'><strong>Omnia</strong></span> <span class='ocrx_word' id='word_1_209' title='bbox 272 3506 458 3571; x_wconf 85' lang='lat' dir='ltr'><strong>movissem,</strong></span> <span class='ocrx_word' id='word_1_210' title='bbox 477 3505 528 3557; x_wconf 86' lang='lat' dir='ltr'><strong>sed</strong></span> <span class='ocrx_word' id='word_1_211' title='bbox 549 3502 645 3568; x_wconf 88' lang='lat' dir='ltr'><strong>enirn,</strong></span> <span class='ocrx_word' id='word_1_212' title='bbox 665 3501 716 3570; x_wconf 91' lang='lat' dir='ltr'><strong>qui</strong></span> <span class='ocrx_word' id='word_1_213' title='bbox 736 3485 845 3553; x_wconf 75' lang='lat' dir='ltr'><strong>caetera&#39;</strong></span> <span class='ocrx_word' id='word_1_214' title='bbox 862 3498 964 3565; x_wconf 87' lang='lat' dir='ltr'><strong>vincit,</strong></span> 
     </span>
     <span class='ocr_line' id='line_1_35' title="bbox 210 3595 835 3662; baseline -0.008 -10"><span class='ocrx_word' id='word_1_215' title='bbox 210 3599 321 3652; x_wconf 79' lang='lat' dir='ltr'><strong>Sae‘vior</strong></span> <span class='ocrx_word' id='word_1_216' title='bbox 339 3595 370 3651; x_wconf 87' lang='lat' dir='ltr'><strong>in</strong></span> <span class='ocrx_word' id='word_1_217' title='bbox 387 3596 476 3650; x_wconf 91' lang='lat' dir='ltr'><strong>nobis</strong></span> <span class='ocrx_word' id='word_1_218' title='bbox 495 3595 621 3650; x_wconf 91' lang='lat' dir='ltr'><strong>Lossius</strong></span> <span class='ocrx_word' id='word_1_219' title='bbox 639 3609 705 3647; x_wconf 87' lang='lat' dir='ltr'><strong>esse</strong></span> <span class='ocrx_word' id='word_1_220' title='bbox 726 3600 835 3662; x_wconf 86' lang='lat' dir='ltr'><strong>potest.</strong></span> 
     </span>
    </p>

    <p class='ocr_par' dir='ltr' id='par_1_19' title="bbox 142 3685 950 3847">
     <span class='ocr_line' id='line_1_36' title="bbox 142 3685 950 3760; baseline -0.01 -15"><span class='ocrx_word' id='word_1_221' title='bbox 142 3691 228 3746; x_wconf 91' lang='lat' dir='ltr'><strong>Hunc</strong></span> <span class='ocrx_word' id='word_1_222' title='bbox 248 3707 336 3760; x_wconf 89' lang='lat' dir='ltr'><strong>rupes</strong></span> <span class='ocrx_word' id='word_1_223' title='bbox 356 3691 453 3757; x_wconf 88' lang='lat' dir='ltr'><strong>inter,</strong></span> <span class='ocrx_word' id='word_1_224' title='bbox 473 3690 613 3758; x_wconf 78' lang='lat' dir='ltr'><strong>duraeque</strong></span> <span class='ocrx_word' id='word_1_225' title='bbox 632 3685 667 3739; x_wconf 83' lang='lat' dir='ltr'><strong>ad</strong></span> <span class='ocrx_word' id='word_1_226' title='bbox 687 3686 800 3739; x_wconf 82' lang='lat' dir='ltr'><strong>robora</strong></span> <span class='ocrx_word' id='word_1_227' title='bbox 820 3699 950 3757; x_wconf 86' lang='lat' dir='ltr'><strong>quercus</strong></span> 
     </span>
     <span class='ocr_line' id='line_1_37' title="bbox 207 3779 784 3847; baseline -0.009 -9"><span class='ocrx_word' id='word_1_228' title='bbox 207 3783 320 3838; x_wconf 84' lang='lat' dir='ltr'><strong>Nutriit</strong></span> <span class='ocrx_word' id='word_1_229' title='bbox 336 3782 483 3837; x_wconf 91' lang='lat' dir='ltr'><strong>uberibus</strong></span> <span class='ocrx_word' id='word_1_230' title='bbox 501 3781 575 3835; x_wconf 83' lang='lat' dir='ltr'><strong>Afra</strong></span> <span class='ocrx_word' id='word_1_231' title='bbox 593 3780 684 3833; x_wconf 81' lang='lat' dir='ltr'><strong>leaena</strong></span> <span class='ocrx_word' id='word_1_232' title='bbox 703 3779 784 3847; x_wconf 84' lang='lat' dir='ltr'><strong>suis3</strong></span> 
     </span>
    </p>
   </div>
   <div class='ocr_carea' id='block_1_3' title="bbox 174 3956 1157 4103">
    <p class='ocr_par' dir='ltr' id='par_1_20' title="bbox 174 3956 1157 4103">
     <span class='ocr_line' id='line_1_38' title="bbox 174 3956 1157 4023; baseline -0.013 -13"><span class='ocrx_word' id='word_1_233' title='bbox 174 3962 195 4010; x_wconf 71' lang='lat'><strong>¹)</strong></span> <span class='ocrx_word' id='word_1_234' title='bbox 216 3964 330 4009; x_wconf 65' lang='lat' dir='ltr'><strong>stereus.</strong></span> <span class='ocrx_word' id='word_1_235' title='bbox 365 3965 445 4023; x_wconf 72' lang='lat' dir='ltr'><strong>sinit,</strong></span> <span class='ocrx_word' id='word_1_236' title='bbox 476 3963 535 4012; x_wconf 87' lang='lat' dir='ltr'><strong>oder</strong></span> <span class='ocrx_word' id='word_1_237' title='bbox 551 3962 657 4019; x_wconf 79' lang='lat' dir='ltr'><strong>Scynr‘s,</strong></span> <span class='ocrx_word' id='word_1_238' title='bbox 682 3962 725 4007; x_wconf 86' lang='lat' dir='ltr'><strong>der</strong></span> <span class='ocrx_word' id='word_1_239' title='bbox 762 3957 960 4006; x_wconf 77' lang='lat' dir='ltr'><strong>strassenriuber.</strong></span> <span class='ocrx_word' id='word_1_240' title='bbox 1007 3956 1157 4002; x_wconf 73' lang='lat' dir='ltr'><strong>Procrustes</strong></span> 
     </span>
     <span class='ocr_line' id='line_1_39' title="bbox 206 4043 748 4103; baseline 0 -12"><span class='ocrx_word' id='word_1_241' title='bbox 206 4047 274 4091; x_wconf 71' lang='lat' dir='ltr'><strong>Bert.</strong></span> <span class='ocrx_word' id='word_1_242' title='bbox 305 4043 378 4094; x_wconf 32' lang='lat' dir='ltr'><strong>,siche</strong></span> <span class='ocrx_word' id='word_1_243' title='bbox 397 4047 471 4095; x_wconf 79' lang='lat' dir='ltr'><strong>oriris</strong></span> <span class='ocrx_word' id='word_1_244' title='bbox 490 4045 647 4103; x_wconf 72' lang='lat' dir='ltr'><strong>Metamorpn</strong></span> <span class='ocrx_word' id='word_1_245' title='bbox 665 4046 719 4091; x_wconf 76' lang='lat' dir='ltr'><strong>vii.</strong></span> <span class='ocrx_word' id='word_1_246' title='bbox 743 4085 748 4097; x_wconf 81' lang='grc'><em>,</em></span> 
     </span>
    </p>
   </div>
   <div class='ocr_carea' id='block_1_4' title="bbox 0 0 1325 4634">
    <p class='ocr_par' dir='ltr' id='par_1_21' title="bbox 0 0 1325 4634">
     <span class='ocr_line' id='line_1_40' title="bbox 0 0 1325 4634; baseline 0 0"><span class='ocrx_word' id='word_1_247' title='bbox 0 0 1325 4634; x_wconf 95' lang='lat' dir='ltr'><strong> </strong></span> 
     </span>
    </p>
   </div>
  </div>
 </body>
</html>
