2670 4628
578 365 784 443 Hernicum.
845 368 849 375 '

187 561 214 614 Sl
234 560 313 630 quod
332 560 367 612 ab
386 575 406 610 u
424 559 496 616 recti
516 561 626 627 crevit,
645 560 790 615 breviabit
810 578 827 614 ο
844 570 988 632 semper:

187 654 234 706 Sic
247 669 343 722 ‘pecus
361 653 422 704 hoc
441 653 576 722 pecoris,
599 653 642 705 sic
660 663 705 706 est
723 655 816 721 ebur,
839 665 867 710 ct
885 656 976 708 breve
995 670 1127 730 corpus,

188 746 251 799 Obs
271 744 408 810 scrobis,
427 761 480 813 ops
500 745 613 814 inopis,
633 747 807 814 paucissima
826 749 1033 818 corripientur.

187 837 372 906 Cappadocis
391 848 513 906 praeter,
534 838 621 890 bovis
641 848 668 892 et
686 841 849 894 crescentia
872 857 1005 911 praecox.

185 931 324 998 Longum
344 931 398 983 erit
416 949 450 984 os
461 971 469 997 ‚
489 932 574 984 simul
594 949 652 999 ox,
671 933 715 986 sic
733 933 848 999 moris,
866 936 909 987 sic
928 935 991 1003 lege
1009 936 1105 991 vocis.

187 1023 250 1075 Utis
272 1023 308 1074 ab
327 1039 361 1074 us
382 1040 542 1090 crescens,
561 1041 694 1078 necnon
713 1026 886 1096 producitur
903 1027 978 1081 udis.

186 1114 287 1171 Dictio
308 1115 336 1170 in
355 1132 396 1168 ux
416 1117 508 1184 patrio
527 1115 691 1184 longeest,
710 1118 914 1187 monosyllaba
933 1125 1060 1189 praeter,

187 1206 255 1261 Lux
273 1218 370 1261 tumen
387 1207 457 1260 hinc
475 1208 579 1261 demis.
616 1209 672 1261 Sed
690 1209 719 1262 in
737 1227 773 1269 ur
791 1220 928 1280 correpta
945 1197 1125 1276 manebunt¹

187 1302 227 1356 Ur
247 1303 339 1370 ligur,
362 1311 393 1356 ut
409 1311 524 1368 turtur,
544 1302 606 1355 sine
624 1303 672 1355 fur
689 1313 786 1356 tamen
805 1320 872 1357 csse
886 1319 1037 1363 seorsum.

189 1491 244 1545 Est
263 1489 369 1553 etiam,
392 1497 423 1540 ut
443 1487 559 1550 videns,
578 1503 637 1556 quo
659 1474 795 1541 crescant
814 1488 906 1553 verba
925 1497 1047 1553 tenore,

190 1585 273 1638 Dum
290 1581 394 1648 legeris
414 1581 552 1648 profers,
571 1590 598 1631 et
616 1581 685 1631 dum
703 1592 733 1632 tu
751 1582 856 1639 deinde
874 1582 1008 1649 legeris..

191 1677 274 1730 Dum
292 1690 450 1743 sequerer,
469 1671 637 1748 sequereris
658 1672 715 1738 ais,
734 1676 857 1733 multum
875 1674 950 1733 inter
970 1675 999 1727 in
1018 1673 1067 1726 illu
1087 1679 1140 1727 est-

193 1861 206 1920 I
224 1860 323 1912 brevis
345 1859 371 1910 in
391 1867 473 1909 terna
492 1865 553 1920 est,
573 1864 674 1925 quarta
694 1857 771 1910 hanc
793 1857 911 1910 inflexio
930 1856 1057 1926 proferte

194 1951 241 2014 Sic
260 1953 382 2019 legimus
402 1952 501 2006 dicunt
517 1949 622 2016 vulgo,
642 1950 685 2002 sic
703 1949 807 2010 deinde
827 1951 970 2025 perimus,

193 2141 232 2191 At
250 2137 277 2189 vi
297 2135 476 2206 praeteritum
495 2153 613 2207 semper
630 2134 802 2204 productilis
822 2143 900 2207 ests!
946 2174 953 2190 .

196 2232 301 2284 Audivi
321 2231 458 2298 exemplo
479 2241 541 2296 est,
560 2231 696 2299 quaesivi,
716 2239 744 2282 ct
762 2200 885 2285 1e0t0'³*

199 2324 301 2388 Longa
320 2323 407 2373 velim
428 2323 542 2391 simque
559 2323 566 2374 i
586 2324 714 2387 faciunt,
733 2323 775 2375 sic
793 2338 828 2374 ve
935 2310 953 2335 '⁵
1019 2359 1027 2380 .

194 2411 311 2470 'Passim
331 2414 396 2466 alibi
417 2414 516 2467 brevis
536 2427 579 2467 est
598 2415 754 2474 crementis
774 2415 825 2467 ista
844 2400 991 2468 sedbndis.

196 2509 223 2560 Ο
243 2522 362 2571 semper
381 2507 501 2569 longum
521 2517 582 2571 cst,
605 2507 705 2557 brevis
723 2516 755 2556 ut
773 2508 976 2559 crescentibus
996 2515 1086 2578 ustats

195 2599 364 2653 Possumus
384 2608 414 2648 ut
431 2577 533 2661 dicas,
556 2595 694 2670 legitote,
715 2605 743 2646 et
760 2597 825 2651 talia
843 2608 957 2650 cuncta.

197 2784 304 2839 Ultima
324 2780 479 2834 dicendum
498 2791 561 2850 est,
583 2791 689 2852 quante
707 2791 788 2836 extet
805 2781 915 2852 syllaba
932 2781 1002 2835 voci

200 2876 347 2940 Cuilibet,
367 2875 518 2945 inprimis,
536 2877 700 2946 mediisque
718 2877 862 2944 vagabere
880 2874 1010 2945 passim,

198 2968 295 3021 Multa
314 2969 434 3035 legens,
454 2987 520 3021 num
539 2971 604 3038 quis
624 2970 759 3026 diffusam
778 2968 942 3038 comperiet
959 2969 1046 3021 rem?

200 3060 293 3128 Inque
315 3076 406 3114 novas
424 3062 504 3126 leges
524 3065 630 3128 coget?
653 3063 768 3131 probus
786 3073 870 3114 autor
890 3061 918 3112 in
936 3060 986 3112 illo

201 3152 302 3205 Suduti
322 3152 430 3205 frustra
449 3132 549 3220 putat,
570 3153 648 3204 haud
668 3171 722 3219 ego
741 3168 894 3205 murmure
912 3151 1001 3215 longo

202 3244 339 3298 Sustineo
360 3259 545 3311 quenquam,
567 3243 663 3312 placet
681 3244 779 3296 omnia
797 3242 896 3295 dicere
915 3240 1032 3310 pacem,

202 3339 293 3408 (Quae
314 3344 372 3386 ruta
391 3333 464 3401 sint)
482 3334 603 3402 verbis,
622 3345 650 3388 et
669 3344 697 3387 te
718 3335 861 3387 brevitate
876 3333 991 3401 juvare.

205 3428 278 3499 Quae
300 3428 368 3480 velit
385 3428 449 3479 lucc
467 3424 596 3493 wibert,
615 3429 764 3496 longoque
783 3434 903 3495 accepta
921 3424 1026 3479 labore

205 3520 347 3586 subiget,
367 3529 394 3570 et
413 3518 511 3575 multis
530 3521 643 3576 dociles
662 3519 853 3575 sermonibus
872 3532 957 3573 aures

205 3611 340 3677 ‘l'urbet,
358 3611 408 3664 ubi
427 3628 525 3666 tamen
542 3613 619 3673 hanc
637 3599 787 3685 nunquam
807 3612 876 3677 sutis
895 3609 1023 3689 explicet
1042 3615 1145 3665 artem.

207 3797 369 3856 Ordinibus
389 3798 503 3852 cunctis
522 3797 667 3866 genitivus
685 3797 791 3864 longus
808 3797 954 3860 babetur,

208 3891 237 3944 ls
259 3892 357 3945 brevis
378 3902 421 3946 est
439 3902 554 3959 ternae,
574 3892 724 3961 prolixum
743 3907 821 3958 pone
840 3890 987 3952 dativum,

208 3983 292 4037 Pone
313 3983 489 4048 ablativum,
509 3988 560 4040 sed
580 4002 596 4037 e
618 3983 721 4039 tertius
742 3983 851 4052 excipit
869 3982 955 4035 ordo.
