2640 4634
303 705 413 765 Votum
431 701 459 753 in
476 695 585 752 morbo
604 697 686 767 pedis
723 735 731 751 .
837 733 844 748 .
950 733 958 748 .
1066 732 1072 745 .

300 776 439 859 iiiortem
459 800 712 865 essmrremum
730 788 865 842 omnium
883 787 1032 840 malorum
1065 826 1073 839 .

302 890 337 943 In
354 869 487 941 Venetos

301 981 338 1036 In
355 954 608 1034 Bartholomdiim
627 976 662 1029 de
680 974 775 1028 Viano
839 1011 846 1027 .

302 1072 338 1127 In
355 1069 493 1124 Eundem
580 1076 622 1149 pp
724 1105 732 1120 .
838 1105 845 1119 .

302 1160 431 1218 Roberti
441 1146 626 1214 'severinam
644 1156 834 1228 Epitaphium

211 1242 215 1251 Ι
303 1255 353 1309 De
374 1251 495 1323 perfidia
514 1251 699 1303 Venetorum

260 1340 352 1401 'De
370 1352 536 1411 grassatura
552 1341 739 1396 Venetorum
841 1377 848 1396 .
954 1380 961 1392 .

300 1435 489 1508 Deyenetis

76 1594 80 1601 Ι
179 1512 212 1555 '·
247 1564 259 1587 ι
300 1528 351 1583 De
371 1507 441 1580 odio
459 1525 644 1578 Venetorum
721 1563 729 1578 .
835 1562 843 1576 .
914 1510 957 1577 ‘.
1063 1561 1071 1578 .

84 1622 88 1627 '
193 1662 196 1667 .
300 1620 350 1674 De
368 1633 464 1688 pugna
483 1616 705 1671 Mediolanensi
726 1617 754 1670 in
776 1615 962 1670 Venetos.
1068 1655 1076 1672 .

299 1710 351 1765 De
372 1709 542 1781 proditione
560 1725 615 1779 per
632 1709 740 1762 milites
758 1724 918 1776 germanos
936 1707 1046 1762 Brixiae
1066 1747 1074 1762 .

208 1845 210 1850 .
300 1801 351 1857 De
370 1802 453 1855 clade
472 1819 487 1855 a
507 1800 628 1854 Venetis
647 1809 770 1870 accepta
840 1837 848 1855 .
954 1837 962 1853 .
1068 1838 1076 1854 .

301 1894 337 1948 In
358 1910 486 1963 pugnam
505 1892 744 1947 Cremonensem
840 1930 848 1946 .
953 1930 961 1947 .
1068 1929 1077 1946 .

301 1984 413 2040 Jacobi
434 1984 470 2038 de
488 1983 562 2037 Ems
579 1985 638 2055 Eq.
658 2003 752 2054 germ.
771 1985 961 2055 Epitaphium
1067 2022 1075 2038 .

301 2078 337 2133 In
356 2093 484 2148 pugnam
503 2076 742 2132 Cremonensem
842 2115 849 2131 .
955 2115 964 2132 .
1064 2106 1079 2132 ι

302 2168 338 2223 In
359 2185 486 2238 pugnam
504 2168 734 2222 Ravennensem
838 2205 847 2220 .
952 2203 960 2222 .
1067 2205 1074 2221 .

303 2260 350 2314 Ad
368 2260 556 2313 Ravennates

304 2351 339 2405 In
361 2361 492 2404 mortem
509 2350 620 2406 Jacobi
638 2354 674 2405 de
693 2350 767 2405 Ems
838 2388 846 2406 .
927 2371 960 2402 ·.
1066 2390 1074 2405 .

303 2442 351 2495 nd
370 2442 519 2497 Caesarem
537 2445 573 2497 de
591 2444 760 2515 profligatis*
771 2442 891 2496 Venetis
955 2478 963 2496 .
1069 2480 1077 2496 .

304 2535 339 2588 In
357 2551 484 2604 pugnam
503 2535 741 2590 Cremonensem
781 2567 783 2570 >
838 2572 845 2587 .
952 2572 960 2587 .

305 2626 484 2681 Bombardae
509 2643 524 2679 a
545 2626 705 2681 Germanis
723 2633 853 2695 reerptae
956 2663 965 2678 .
1071 2664 1078 2679 .

306 2716 455 2771 Obsessus
475 2735 489 2769 a
506 2716 600 2772 Gallis
617 2724 686 2770 eum
701 2719 830 2771 satutem
848 2717 1036 2788 desperasset
1072 2757 1080 2773 .

306 2807 493 2875 Trophaeum
511 2805 621 2860 Jacobi
640 2809 676 2860 de
694 2810 769 2863 Ems
840 2847 848 2863 .
954 2849 962 2864 .
1068 2850 1075 2864 .

304 2896 354 2950 De
372 2897 493 2949 venetis
512 2898 547 2950 ad
567 2898 715 2950 Caesarem
744 2919 754 2940 -’
840 2937 850 2954 .

206 3003 208 3006 ’
304 2987 354 3041 De
372 2986 547 3040 muneribus
566 2985 852 3048 Venetorum.
953 3027 966 3045 -.
1072 3030 1080 3046 .

304 3078 339 3133 In
360 3095 488 3149 pugnam
506 3079 735 3134 Ravennensem
840 3118 848 3134 .
954 3121 962 3138 .
1068 3120 1076 3138 .

304 3170 352 3223 Ad
375 3171 522 3223 Caesarem
615 3210 622 3224 .

303 3261 353 3316 De
372 3279 468 3331 pugna
486 3263 674 3317 Ravennensi
726 3303 734 3320 .
841 3301 848 3316 .
954 3302 961 3316 .

303 3353 351 3405 Ad
370 3353 517 3408 Caesarem
541 3355 577 3406 de
601 3355 725 3407 victorin
738 3354 948 3408 ‘Cremonensi

302 3441 353 3495 De
372 3445 473 3512 praelio
494 3446 691 3500 Cremonensi
726 3486 735 3500 ,.

303 3531 354 3587 De
372 3532 489 3588 Eodem
817 3593 820 3598 .

306 3622 352 3676 nd
370 3622 501 3679 Venetos
524 3626 559 3679 de
579 3641 672 3696 pugna
691 3629 888 3683 Cremonensi
954 3667 960 3682 .

304 3715 354 3770 De
374 3718 493 3770 fortuna
508 3717 693 3773 Venetorum
730 3762 737 3776 .

304 3805 354 3861 De
377 3808 514 3860 aerumnis
533 3810 753 3866 Maximiliani-
837 3851 845 3866 .
952 3850 959 3865 .

303 3896 353 3950 De
380 3897 565 3952 immodestia
582 3901 768 3957 Venetorum
839 3943 847 3957 .
954 3940 960 3954 .
1067 3938 1075 3955 .

306 3986 356 4044 De
379 3992 496 4044 fortuna
514 3991 549 4044 ad
568 3991 715 4057 Caesarem
