2640 4634
395 381 406 393 ··
460 377 535 427 von
559 355 714 427 lluttene
740 353 928 432 Schriften.
1068 384 1195 436 aurun

75 498 270 639 2-1519.
312 542 352 603 Τ.
380 545 492 605 Livius
516 546 684 608 Palavinus
708 547 896 611 Historicus.
942 551 1076 612 Duobus
1107 553 1194 615 libris

308 655 416 704 auctus
442 666 513 705 curu
534 647 574 706 L.
601 648 688 707 Flori
710 649 867 726 Epitome.
916 651 1023 710 Indice
1044 653 1194 732 copioso,

307 754 340 802 et
367 744 531 806 Ann'otatis
567 746 600 806 in
627 747 724 808 libros
755 749 824 819 Vll
846 749 918 811 belli
946 751 1071 812 Maced.
1112 773 1194 816 cum

308 843 433 905 Ulrici
468 845 633 907 Hutteni
673 848 921 911 Praefatioue
955 851 994 912 ad
1030 853 1193 917 Albertum

306 943 481 1024 Mogontia
500 945 788 1025 Archiepiscopum.

306 1042 359 1104 Ad
379 1044 542 1106 Erasmum
561 1046 807 1110 Rotcrodamum
826 1050 1020 1129 Epistola.

306 1141 426 1202 Erasmi
478 1144 682 1204 Roterodam.
735 1146 774 1207 ad
827 1149 966 1212 Ulricum
1018 1154 1192 1218 liuttenum

305 1242 500 1321 Epistola.

304 1342 356 1423 Ad
369 1341 652 1404 eluistianissimum
667 1344 861 1408 Francorum
872 1369 980 1429 regem
992 1351 1192 1414 Franciscum

304 1465 345 1504 ne
366 1465 490 1506 causam
511 1455 634 1504 tucatur
655 1444 966 1528 Wirtenbcrgensem
993 1453 1190 1530 Epistola.

302 1544 361 1606 Ad
386 1545 605 1608 Arnolclum
631 1545 678 1604 de
706 1545 908 1628 Glauberg
934 1549 1190 1613 Jurccousulturn

304 1643 587 1705 Francofurtanuni
606 1644 800 1722 Epistola.

302 1724 423 1805 Eiasmi
441 1745 596 1806 Roterod.
613 1744 652 1803 acl
668 1746 705 1806 U.
722 1746 896 1806 Huttenum
916 1747 1110 1826 Epistola.

302 1845 354 1907 Ad
368 1847 487 1906 Lucam
505 1845 544 1906 (le
560 1843 745 1925 Ereubergk
766 1843 917 1907 Canonic.
938 1858 968 1906 et
985 1847 1099 1908 amicos
1116 1851 1190 1910 Mo-
1301 1911 1305 1924 ,

302 1944 418 2026 guntiae
438 1966 545 2006 omnes
566 1946 763 2024 Epistola.
1044 1931 1049 1941 ¹

302 2046 355 2108 Ad
368 2047 544 2109 Arnoldum
560 2046 720 2124 Glauberg
740 2040 932 2124 Epistola.

301 2147 353 2209 Ad
375 2144 550 2207 Chilianum
570 2145 728 2207 Salensem
754 2145 1009 2207 iureconsultum
1033 2148 1189 2208 Francum

300 2248 327 2307 E
334 2243 493 2326 pistola.

303 2347 356 2410 Ad
374 2347 400 2407 F
402 2345 591 2406 riderichum
609 2345 801 2407 Piscatorem
821 2346 1013 2425 Epistola.
1066 2388 1072 2393 -

298 2445 350 2508 Ad
371 2445 554 2506 Eduardum
570 2447 672 2505 Leum
688 2446 825 2526 Anglum
845 2444 1041 2524 Epistola.

300 2546 353 2610 Ad
369 2548 532 2607 Erasmum
548 2547 795 2607 Roterodamum
816 2546 1015 2624 Epistola.

203 2679 233 2693 -
300 2648 337 2710 ln
356 2645 517 2708 Ulrichum
533 2642 845 2727 Wirtenbcrgensem
869 2642 1010 2704 Oratio
1039 2642 1187 2723 quinta.

299 2746 351 2809 Ad
367 2733 595 2807 'Consoedustos
620 2743 740 2805 Sueviae
765 2755 797 2804 et
818 2743 971 2804 victorem
995 2741 1185 2815 exercitum,

303 2847 428 2907 devicto
441 2846 503 2926 jam
521 2858 552 2906 et
565 2843 689 2925 dejecto
709 2847 858 2922 Tyranno
875 2843 1052 2904 declamata.
1090 2866 1101 2889 »ε

298 2946 349 3009 Ad
372 2947 495 3007 E‘oban.
521 2948 673 3021 Hessum‚
708 2956 745 3033 et.
762 2943 923 3021 Petreium
948 2942 1187 3020 Aperbacchum

300 3046 492 3126 Epistola.

299 3146 351 3208 Ad
366 3146 496 3207 Petrum
512 3146 551 3206 dc
568 3145 677 3207 Ufsaels
699 3146 735 3221 (s.
756 3143 883 3218 Aulsas)
904 3140 1108 3220 Apologia
1126 3155 1186 3214 pro
1291 3136 1317 3175 ³⁵

296 3245 486 3307 Phalarismo
500 3244 605 3313 abillo
623 3245 772 3322 decerpto
782 3266 789 3314 ;
808 3243 860 3302 cui
879 3239 1012 3298 accedit:
1270 3300 1285 3321 ἡ

297 3325 451 3427 Epilogus
479 3343 512 3404 in
539 3344 637 3403 Varia
670 3360 766 3421 super
797 3337 1018 3405 interlectione
1055 3328 1185 3397 loannis
1274 3352 1312 3411 .·''

264 3516 267 3523 ¹
298 3445 337 3506 ab
359 3447 481 3507 Huttcn
505 3443 628 3523 scripta.

437 3544 582 3606 Febris
602 3543 789 3618 secunda,
1237 3564 1252 3595 ι

166 3670 283 3746 script.
315 3665 397 3728 1519.
438 3646 640 3717 F⁰rll¹¹¹³r
902 3644 905 3648 λ
942 3542 964 4024 ἶ
1012 3737 1019 3750 ,
1096 3736 1103 3746 .

864 3753 867 3758 ’
979 3738 1115 3818 Dialogr.

436 3745 735 3824 Inspicientes,

195 3822 280 3917 edit·
315 3821 398 3884 159⁰·
439 3845 557 3906 Trias
589 3845 776 3916 Romana,
816 3849 940 3922 quaet
1037 3930 1040 3935 Ι

438 3943 633 4006 inscribiturz
658 3941 864 4005 Vadiscus.
