2640 4634
184 411 319 465 xxxmo
386 389 711 488 Chronologisches
736 372 984 460 Verzeichniss

200 582 304 660 script.
326 580 409 643 1519.
452 581 504 643 Ad
542 581 732 663 Apologiam
767 579 898 640 Henrici
941 578 1044 661 quarti
1084 580 1189 641 Fuldoe
1265 574 1268 579 ’

230 680 305 742 edit.
325 672 408 743 15111.
451 680 608 742 inventam
626 680 829 742 Praelatio.
985 688 988 695 ’
1069 678 1071 682 ’

185 780 269 845 1519.
307 782 358 845 Ad
376 781 695 842 Eobanum·Hessum
714 781 909 860 Epistola.
929 800 933 807 ·

204 914 242 927 ··
308 882 360 968 Ad
390 881 523 943 Paulum
548 882 691 956 Ricium,
725 879 841 942 Caesari
866 900 884 939 a
909 878 1071 940 Medicina
1103 879 1190 957 Epi-

219 1063 224 1069 ἱ
288 983 425 1071 stola.
755 1047 757 1050 ,

206 1114 238 1126 -
306 1083 358 1145 Ad
387 1082 562 1144 Arnoldum
596 1081 863 1162 Glaubergerum,
910 1079 1024 1142 lurisc.
1055 1079 1216 1163 Franco-¹

307 1181 422 1242 surtan.
442 1180 637 1258 Epistola.

186 1281 269 1342 1520.
307 1280 499 1342 Praefatio
520 1280 559 1340 ad
576 1280 721 1358 epistolas
742 1282 862 1363 aliquot
880 1279 993 1341 mirum
1015 1279 1048 1340 in
1065 1279 1193 1339 modum

305 1368 1193 1463 111555511580111515515551158555110,515515

310 1470 825 1544 ecclesiastica'libertate
867 1481 1105 1551 adferenda,
1153 1477 1192 1538 ad

308 1579 545 1642 illustrissimum
587 1580 764 1661 Principem
795 1581 1029 1643 Ferdinandum
1060 1581 1191 1644 Austriae

303 1681 436 1746 Ducem.

297 1782 358 1844 'Ad
373 1779 489 1841 liberos
508 1781 542 1842 in
559 1781 726 1844 Germania
743 1803 850 1844 omnes

307 1881 359 1944 Ad
378 1881 552 1942 Martinam
571 1882 727 1942 Luterum

307 1982 358 2044 Ad
377 1982 555 2063 Philippum
575 1984 848 2047 Melanchthonem
970 1982 1173 2064 Epistola.

308 2083 360 2144 Ad
404 2082 619 2144 Sebastianum
667 2083 706 2144 de
760 2085 926 2146 Rotenhan

308 2180 417 2264 Equit.
439 2193 536 2242 aurat.
559 2183 692 2244 adfinem
710 2203 801 2242 suum
930 2113 947 2254 l

303 2281 356 2343 Ad
373 2280 551 2361 Philippum
568 2282 856 2358 Melanchthonem‚
883 2286 1082 2358 Brettanum,
1103 2283 1193 2362 juve-

309 2403 382 2442 nem
403 2381 660 2458 eruditissimum‚
693 2402 784 2445 suum
801 2384 933 2446 amicum
957 2384 1194 2446 desiderabilem

308 2480 509 2560 Epistola.
618 2527 621 2537 ,

306 2579 338 2643 C
349 2582 567 2665 onquestio
588 2584 627 2646 ad
643 2582 792 2648 Carolum
809 2586 1029 2668 imperatorem
1045 2588 1193 2649 adversus

306 2683 487 2744 intentatam
501 2685 560 2746 sibi
573 2707 591 2746 a
606 2687 796 2749 Romanistis
812 2687 875 2749 vim
894 2699 925 2746 et
946 2687 1101 2764 injuriam.
1181 2715 1183 2720 ·

235 2840 268 2875 ·:·
308 2783 361 2845 Ad
385 2781 557 2846 Sebastiam
586 2785 625 2845 de
653 2789 820 2849 Rotenlran
843 2786 950 2868 Equit.
977 2797 1074 2847 aurat.
1105 2789 1192 2868 Epi-

310 2883 420 2942 stola.
641 2960 644 2967 ,
877 2890 880 2897 ‘

308 2983 360 3045 Ad
388 2982 538 3046 illustriss.
563 2985 742 3066 Principem
765 2987 998 3064 Friderichum,
1032 2985 1192 3049 Saxonum

306 3081 445 3160 Ducem,
465 3088 659 3162 Electorem,
681 3087 876 3166 Epistola.

305 3183 357 3246 Ad
385 3205 493 3246 omnes
517 3186 616 3248 omnis
645 3186 763 3248 ordinis
794 3204 829 3248 ac
852 3199 949 3249 status
975 3188 1008 3250 in
1027 3188 1193 3250 Germania

307 3283 487 3366 Principes,
516 3276 734 3363 Nobilitatem,
771 3299 802 3349 51
829 3288 977 3368 Plebejos
1006 3279 1195 3369 Epistola

310 3384 377 3444 sive
398 3385 669 3470 Conquestio.

311 3483 363 3543 Ad
380 3485 469 3546 verbi
494 3488 593 3573 divini
615 3508 791 3568 praeconem
813 3482 1065 3564 invictissimum,
1096 3490 1193 3552 Mar-

309 3581 433 3642 tinum
451 3585 686 3664 Lutherum,
717 3588 845 3649 fratrem
862 3599 892 3649 et
912 3588 1043 3651 amicum
1062 3590 1193 3653 dilectis-

311 3678 439 3757 simum,
460 3684 652 3763 Epistola.

308 3780 365 3843 Ad
385 3782 597 3846 Germanos
620 3807 752 3849 omnes
772 3789 921 3868 Epistola.
967 3862 970 3869 ‚

308 3881 423 3944 Bulla
460 3883 572 3947 decimi
607 3887 726 3949 Leonis
761 3901 870 3952 contra
905 3910 1028 3952 errores
1062 3891 1192 3954 Martini

308 3983 451 4047 Lutheri.
