2670 4628
248 399 312 474 tid
600 400 884 498 Epigrammata.

370 597 433 668 Ad
467 595 837 672 maximilianum
872 600 1119 680 Caesarem.

244 765 276 826 Si
295 778 349 826 tun
368 777 551 846 corruptum
569 778 695 827 moveat
714 768 875 829 clementia
895 771 1062 848 mundum,

316 868 359 927 Ut
378 879 519 941 constet,
547 867 642 928 rebus
663 887 729 927 non
748 865 910 951 inhictque
928 872 1031 932 novis.

242 965 275 1026 Si
295 978 325 1026 te
346 966 523 1046 propositas
544 966 648 1029 Caesar
669 967 853 1029 comitemur
874 972 913 1030 ad
933 971 1040 1045 arteis,
1109 1015 1111 1018 -

317 1065 349 1127 Si
370 1055 483 1127 coeant
502 1066 585 1128 votis
609 1067 713 1128 omnia
737 1080 812 1129 vota
829 1071 902 1132 tuis.

241 1165 349 1246 Major
369 1168 472 1228 Roma
489 1167 569 1241 suit,
596 1187 758 1250 nunquam
778 1171 969 1231 contendere
991 1164 1124 1251 possim,

316 1265 348 1326 Si
368 1266 423 1346 qui
444 1267 482 1326 ad
501 1269 723 1328 hancretercs
744 1269 837 1329 ‹tucat
858 1271 1067 1350 Olympiadas,

240 1369 332 1432 Nunc
351 1366 465 1426 nostris
484 1366 633 1427 trahimur
652 1366 752 1438 vitiu,
783 1370 940 1451 nobisque
959 1373 1107 1449 perimus.

317 1469 405 1545 Quos
425 1477 477 1539 tu,
505 1486 600 1547 quam
617 1469 721 1527 malles
741 1468 803 1528 hcu
823 1479 876 1529 tua
894 1468 979 1548 jussa
1000 1474 1101 1554 sequi.
1127 1473 1129 1480 ’

240 1568 340 1629 Verte
361 1566 495 1627 animum
516 1565 631 1629 Caesar.
670 1570 745 1654 Non
769 1580 800 1627 te
825 1569 996 1652 mitemque
1018 1573 1212 1656 bonumque,

313 1667 387 1727 Non
407 1677 437 1726 te
457 1664 803 1746 clementem'tempora
822 1681 928 1733 nostra
947 1673 1069 1733 volunt.

668 1849 833 1861 *—

407 1987 476 2058 De
507 1981 835 2057 Maximilinno
864 1979 1069 2058 'Caesare

239 2155 293 2214 Ille
311 2153 372 2213 riri
393 2151 514 2226 Cesar,
545 2153 630 2231 pacis
651 2142 828 2224 studiosus,
854 2163 885 2210 et
905 2173 971 2212 nvo

314 2252 453 2334 Segnitie
473 2252 567 2312 nimia
585 2252 671 2311 visus
691 2252 802 2311 obesse
823 2272 900 2325 suo,

203 2414 205 2420 ,
240 2350 381 2414 Cernere
401 2353 484 2413 euim
503 2351 592 2413 sactis
611 2351 702 2424 licet,
731 2363 763 2409 et
783 2350 922 2411 novitate
942 2354 1095 2432 stupenda

312 2451 439 2532 Majore
460 2464 524 2526 est,
552 2472 646 2533 quam
665 2462 740 2510 tune
762 2451 859 2512 corde
879 2463 1003 2529 putatus
1024 2465 1100 2513 erat.

237 2555 350 2616 Donec
368 2553 451 2614 facta
470 2553 538 2614 tulit
557 2552 675 2613 Veneti
695 2545 903 2630 opprobriosa
923 2551 1071 2627 Senatus,

312 2656 386 2714 Non
406 2654 525 2727 caruit,
553 2653 610 2713 sed
629 2673 695 2712 non
714 2650 877 2730 perfrutus
901 2634 948 2710 est
967 2652 1080 2712 animo.

237 2755 343 2834 Atque
364 2754 461 2832 igitur
483 2765 649 2832 reputans,
677 2773 745 2833 quse
771 2769 856 2810 nune
879 2749 937 2808 sub
962 2762 1091 2827 pectore
1115 2752 1211 2828 dicit5

314 2853 377 2931 Qui
395 2876 461 2913 non
479 2856 540 2914 hoc
560 2851 671 2925 Marii,
698 2846 911 2928 Scipiadaeque
931 2849 1054 2909 latent?

238 2953 379 3037 Mauima
397 2973 463 3011 non
482 2953 548 3011 laus
569 2963 637 3026 est,
666 2948 832 3010 confestim
852 2949 1013 3009 effundere
1032 2950 1134 3024 vires,

310 3054 373 3124 Sed
390 3051 543 3114 remorari
562 3052 715 3125 animum,
744 3049 1002 3133 temporibusque
1021 3050 1097 3114 frui.

341 3350 408 3419 De
446 3346 497 3420 Se
532 3347 576 3423 in
611 3346 867 3420 obsidione
901 3339 1138 3416 Patavinis

238 3516 384 3576 Errarnm
406 3510 548 3577 acastris
569 3517 608 3576 ad
627 3517 760 3575 clnusnm
778 3513 948 3575 Antenoris
968 3506 1097 3587 urbem,-

314 3614 477 3677 Contiuuo
496 3617 617 3675 flamma
635 3611 863 3697 missilibusque
882 3626 985 3694 petor.

239 3712 338 3776 Certe
358 3716 505 3796 equidem
522 3715 646 3788 fateor,
665 3715 754 3776 timui
773 3736 833 3776 nec
851 3726 886 3775 ut
905 3726 976 3774 ante
995 3705 1161 3773 monebam

314 3813 467 3876 Invidiam
486 3815 610 3894 lingua,
642 3811 698 3874 sed
717 3817 802 3876 bona
819 3816 917 3875 verba
935 3813 1026 3885 dedi,

237 3908 382 3986 Parcite,
413 3916 466 3996 qui
487 3911 597 3974 Patavi
615 3930 723 3974 muros
744 3935 910 3996 arcemque
930 3912 1061 3984 tenetis,

294 4003 352 4074 ⁴lu
368 4032 418 4074 me
437 4013 583 4077 vulnifica
601 4012 724 4075 mittere
748 4017 808 4076 teta
825 4031 929 4091 maru.
