2640 4634
703 152 743 233 ἕ,

153 384 224 460 214
344 418 354 451 a
509 343 792 477 Epigrammata.

153 573 273 638 Horret
298 583 331 634 et
349 570 423 653 ‘ipsa
445 569 531 651 prius
554 579 657 634 tantos
683 578 814 649 experta
836 566 978 645 furores,

228 672 506 736 Advocatultores
533 669 625 734 anxia
644 671 746 732 Roma
764 670 861 732 Deos.
890 696 893 706 ·

68 774 71 778 ’
152 773 266 838 Pacem
288 767 521 845 Caesar'habct,
552 767 718 832 Germania
736 779 804 830 tota
824 767 974 852 quiescit,

228 875 295 934 Nec
314 892 406 952 quam
426 871 496 958 quis
516 870 606 952 petiit
624 870 710 935 ferre
729 868 853 931 videtur
874 887 977 945 opem.

153 975 312 1054 Quorsum
331 971 419 1033 haec'?
451 982 645 1044 ut-summas
669 981 835 1052 postquam
860 986 911 1027 res
935 966 1066 1029 traxerit
1085 967 1168 1043 iras,

226 1071 352 1136 Moesta
370 1074 457 1137 luant
476 1071 573 1148 Galli,
602 1081 722 1134 moesta
740 1071 825 1133 luant
846 1065 974 1131 Veneti.

591 1250 730 1280 ⁸¹⁴2-—

413 1388 710 1458 Venetorum
745 1381 890 1456 minoe.

149 1546 326 1625 Desperant
345 1548 463 1610 Veneti
486 1568 614 1621 secum,
648 1555 887 1625 extremumque
911 1543 1087 1619 minantur,

225 1648 387 1712 Auxilium
410 1650 547 1723 Truces,
563 1646 790 1727 auxiliumque
811 1645 917 1722 Syros.

151 1746 236 1813 Dum
262 1758 294 1808 tu
309 1768 432 1830 ‚magna
458 1748 556 1823 sacis,
585 1748 652 1809 sine
678 1760 713 1809 ut
737 1748 780 1809 illi
805 1767 916 1828 magna
939 1744 1117 1820 minentur,

224 1847 297 1910 Heu
317 1846 412 1924 mihi,
447 1870 542 1932 quam
561 1849 675 1911 distant
697 1848 800 1910 omnia
818 1845 1018 1911 laetaminis.

589 2029 730 2045 m

171 2161 235 2231 De
255 2160 557 2249 Coniuratione
575 2163 830 2234 Venetorum
854 2168 896 2233 et
915 2161 1142 2235 Gallorum.

148 2320 268 2402 Magna
286 2320 376 2383 Jovis
397 2321 534 2386 volucris
554 2322 657 2405 gelida
674 2322 832 2403 spectabat
852 2322 890 2383 ab
908 2323 1025 2397 Arcto,

179 2426 182 2431 ⁴
223 2422 358 2496 Pacem,
391 2443 483 2503 quam
503 2422 627 2501 populis
646 2423 764 2485 facerat
785 2423 851 2503 ipsa
873 2421 970 2501 prius.

148 2521 297 2586 Protinus
319 2521 391 2584 hinc
412 2522 529 2585 Veneti
550 2522 632 2587 furia
651 2525 830 2604 importuna
848 2523 986 2596 Leonis,

222 2621 305 2687 Hinc
328 2623 407 2685 Galli
426 2636 554 2687 armatas
576 2629 756 2706 explicuere
776 2624 868 2686 acics.

103 2743 105 2748 ·
146 2723 201 2786 Illa
224 2723 377 2802 quidem„
402 2735 437 2785 ut
461 2736 604 2799 steterat,
635 2727 752 2805 primos
781 2723 939 2807 requievit
966 2723 1005 2783 ad
1031 2741 1145 2794 ausus3

221 2822 262 2881 Et
281 2841 370 2899 passa
396 2836 442 2883 est
465 2824 583 2904 aliquid
602 2846 637 2886 se
657 2827 806 2907 vigilante
824 2823 901 2902 rapi.

147 2924 225 3004 Quae
244 2931 410 3004 postquam
429 2924 557 2986 hostiles
577 2927 664 2986 auxit
682 2921 829 3005 patientia
849 2923 949 2998 vires,

218 3023 256 3085 In
276 3024 381 3087 medio
404 3024 489 3086 Latii
508 3013 628 3094 moesta
645 3028 746 3087 tulere
768 3026 876 3087 duces.

148 3123 271 3188 Tentor
291 3124 357 3202 (ait)
377 3124 529 3200 nimium,
561 3124 743 3208 subitasque
762 3136 799 3187 ut
815 3135 957 3187 moverat
976 3124 1055 3198 alas,

223 3224 386 3292 Continuo
408 3226 513 3288 Gallus
534 3226 606 3288 hinc
625 3226 727 3309 fugit,
755 3225 830 3287 inde
850 3226 933 3286 Leo.
1016 3287 1018 3290 .

145 3325 199 3390 llle
221 3325 517 3404 quidem-Insubres
536 3327 704 3389 madefecit
723 3326 876 3406 sanguine
897 3334 1035 3399 montes,

218 3423 334 3494 Nescio
355 3445 424 3515 queo
445 3427 588 3492 Venetos
609 3426 760 3493 ulteriora
778 3434 913 3490 manent.

589 3602 729 3625 ..ΠΡ-Ψ,

180 3726 257 3821 Qui
283 3745 324 3805 et
349 3734 503 3826 Quales
529 3733 750 3839 imperium
772 3730 905 3808 Italiae
931 3733 1127 3807 ambiant.

143 3892 255 3975 Regna
273 3905 384 3974 petunt
404 3895 504 3972 Laui,
534 3899 695 3973 Venetus,
729 3893 913 3970 Germania,
944 3896 1069 3968 Gallus,

141 3993 266 4056 Fraude
286 4015 424 4072 nocens,
444 3996 586 4082 vinoque
605 3999 753 4073 madens,
773 3997 967 4084 nimiumque
987 3981 1157 4076 superbus,
