2640 4634
701 40 784 281 ᾗ

153 402 194 468 68
275 340 278 347 ¹
509 393 656 480 Querel.
683 392 703 461 l.
729 393 771 462 ll.

153 589 235 642 Salve
254 588 339 656 plena
361 586 405 638 dei
425 585 524 654 patrico
543 586 595 636 lux
614 601 701 635 aurea
724 593 851 648 nostrae,

220 681 294 752 Quae
314 682 389 732 facta
409 696 439 731 es
459 678 543 731 tantis
563 677 680 746 hospita
703 677 853 745 reliquiis!

152 774 178 829 O
197 783 281 828 votas
299 773 462 841 hospitium
481 781 508 822 et
526 769 688 838 peregrinis
709 769 822 823 tnunsio
847 770 957 836 sacris,

217 868 290 938 Quae
313 866 423 917 claudis
443 864 551 915 mirum
569 862 630 912 hoc
650 862 704 912 sub
724 871 772 912 tua
791 871 868 913 tectu
892 863 1002 914 docus!

151 958 196 1012 Te
216 959 271 1012 sibi
291 958 396 1024 delegit
413 972 500 1008 unam
523 954 697 1007 Bonifacius
715 952 844 1021 hospes,

217 1054 313 1119 Atque
334 1048 361 1102 in
380 1058 408 1101 te
429 1057 548 1100 sanctos
568 1045 715 1098 transtulit
734 1045 780 1096 ille
801 1045 900 1110 vir05‚

150 1140 336 1210 Templaque
357 1140 544 1209 composuit,
577 1137 701 1205 fierique
719 1137 786 1189 haec
803 1138 910 1189 moenia
926 1137 1031 1204 jussit,

216 1234 255 1286 Et
278 1243 369 1287 totam
395 1234 492 1286 fausto
521 1231 652 1284 condidit
678 1231 821 1298 auspicio.

147 1324 244 1392 Digna
263 1326 303 1378 tui
323 1306 437 1391 cultus,
463 1341 612 1392 nunquam
633 1321 696 1374 sine
716 1324 801 1375 laude
821 1325 935 1391 futuru,

111 1478 113 1481 ,
217 1418 343 1485 llospitii
363 1431 482 1487 semper
502 1432 606 1468 cresce
627 1416 738 1467 decore
757 1417 808 1469 tui.

88 1540 90 1544 .
149 1509 225 1578 Huic
243 1509 309 1560 urbi
328 1509 427 1575 largita
445 1524 538 1561 novas
559 1507 679 1574 Elegeia
698 1508 798 1561 landes

217 1601 364 1657 Abbatem
383 1601 444 1652 noti
467 1617 575 1670 quaere
595 1601 777 1653 monasterii.

148 1693 215 1760 Ah,
247 1703 358 1746 tannnn
376 1695 500 1764 petitura
519 1695 636 1760 virum,
665 1710 702 1745 ne
724 1693 855 1763 qualibet
874 1708 973 1759 orrea,

215 1789 318 1853 Angor
336 1787 386 1839 ubi
405 1787 511 1862 merito
531 1787 746 1856 sollicitorquo'
759 1796 855 1853 metu,

143 1875 295 1947 Respice,
326 1897 384 1949 quo
404 1881 501 1933 studio
522 1881 645 1932 eductus
657 1914 666 1944 ,
698 1896 757 1947 quo
777 1879 917 1945 sanguine
938 1891 1052 1945 cretus,

137 2016 141 2023 .
210 1973 252 2024 Ὲϊ
272 1982 385 2041 premat
404 1975 511 2026 elatum
531 1981 637 2042 quanta
658 1963 771 2023 corona
797 1981 899 2040 caput,

133 2054 223 2137 ‘Quae
243 2066 279 2117 sit
298 2067 374 2118 latua
393 2066 464 2132 viri,
490 2065 643 2135 probitas,
672 2064 832 2131 sapientia,
857 2064 968 2131 vitum,

215 2158 254 2208 Et
272 2158 379 2228 quilius
402 2159 451 2210 hic
470 2158 550 2210 culto
574 2164 692 2226 praestet
710 2157 739 2207 iu
759 2156 893 2225 eloquio.
1032 2133 1038 2148 ‚

149 2247 256 2303 Omnia
277 2233 437 2316 cognoris,
466 2259 618 2318 totamque
638 2247 774 2301 inviseris
794 2250 919 2316 urbem,

216 2342 429 2419 llartmannnm
450 2343 528 2395 flexo
547 2341 675 2410 poplite,
705 2342 794 2394 Musa
806 2383 814 2408 ,
846 2351 922 2410 pote.

147 2426 278 2486 Praeuue
306 2443 374 2509 post
397 2445 530 2486 veterem
552 2435 613 2487 hoo
633 2435 704 2487 urbs
726 2444 770 2486 est
789 2435 965 2487 celebrmda
984 2434 1148 2489 Rabanum.

216 2524 274 2596 Qui
294 2526 367 2578 mira
387 2527 524 2579 inversu
544 2527 698 2601 ealliditate
719 2527 781 2580 fuit.

149 2615 239 2688 Quod
258 2617 338 2670 dices
358 2619 440 2684 aliis,
467 2620 506 2671 illi
526 2637 645 2688 quoque
666 2619 766 2671 dicere
788 2630 905 2672 cautum
925 2629 988 2686 est,

217 2708 267 2760 llle
288 2712 384 2777 dolet,
417 2713 441 2765 si
460 2714 540 2781 qnod
559 2730 615 2769 nos
634 2713 710 2763 male
728 2711 826 2763 turbat
845 2730 930 2765 onus.

64 2819 69 2832 ·
147 2799 278 2852 Francus
298 2802 325 2852 iu
344 2803 401 2855 hac
420 2805 506 2856 etiam
525 2805 640 2871 subque
660 2805 720 2856 hoc·
741 2813 858 2855 rectore
877 2806 1018 2859 sacerdos

215 2891 310 2958 Vivit,
343 2904 370 2944 et
389 2903 433 2947 est
453 2907 562 2947 nostrae
581 2905 717 2964 promtus
738 2896 835 2964 asylus
855 2895 937 2964 opis,

146 2970 185 3035 Et
203 2983 323 3051 paribus
341 2986 444 3037 studiis
463 2989 554 3039 frater
572 2988 721 3056 Georgius
741 2988 800 3053 illi,

216 3075 319 3128 Clarus
340 3089 368 3128 et
386 3079 501 3145 ingenio
522 3081 603 3132 dives
620 3094 746 3150 uterque
765 3081 858 3134 bono.

146 3166 282 3236 Cumque
302 3168 358 3222 illis
376 3170 433 3222 hae
453 3172 535 3224 laude
559 3174 661 3225 valens
683 3154 815 3237 axungia
835 3175 958 3241 PetruS,

214 3260 251 3312 Et
269 3261 368 3314 minor
390 3263 517 3316 incultu
539 3277 644 3318 caetera
663 3268 748 3319 turba
769 3284 836 3321 suo.

144 3351 193 3407 No
212 3360 310 3404 tamen
330 3357 458 3408 offendat
475 3367 541 3410 tuus
560 3360 610 3410 ltic
630 3373 657 3410 te
677 3360 829 3431 'Fundulus
848 3360 963 3425 hosti8‚

213 3444 251 3495 Et
269 3446 344 3497 male
364 3459 501 3516 suscepta
520 3462 605 3516 cogat
625 3451 705 3502 abiro
726 3452 781 3504 via.
1072 3511 1073 3516 ,

146 3535 249 3587 Rivius
269 3537 303 3589 ad
322 3539 425 3605 patrii,
455 3551 521 3607 pete
541 3553 568 3594 ot
586 3543 665 3594 hunc
676 3582 684 3607 ,
715 3544 786 3595 vada
805 3544 876 3595 dura
894 3538 1029 3608 Visurgi,

214 3628 380 3681 Hessorum
402 3633 518 3699 populis
538 3636 615 3686 fama
633 3637 781 3701 secunda,
810 3636 897 3703 viget,

145 3719 259 3771 Videris
279 3719 377 3785 huno,
408 3739 462 3789 por
481 3738 533 3776 eos
555 3741 670 3780 montes
690 3740 755 3797 peto
773 3729 948 3797 Westphala
968 3744 1035 3781 rura
1043 3764 1053 3795 ,

201 3811 281 3881 'Qua
299 3827 395 3864 novus
413 3814 575 3882 hospitium
594 3820 739 3892 Lanpius
758 3832 862 3873 auctor
879 3822 985 3887 habet,

71 3981 73 3985 ¹
143 3904 290 3970 Langius,
318 3915 346 3956 et
364 3915 444 3956 vates
463 3917 493 3958 et
512 3911 639 3976 equestri
658 3922 810 3964 stemmate
830 3923 931 3978 natue,

210 3996 250 4051 tlt
267 4013 328 4050 uon
346 3998 466 4064 vulgare
485 3999 515 4051 in
537 4002 667 4056 carmine
684 4005 801 4074 pondus
819 4003 943 4058 habens.
