2640 4634
280 348 284 353 Ι
348 381 384 454 'm
407 381 568 453 Venetos
590 378 898 452 Exhortatorium.
1067 382 1130 457 ist

110 575 147 629 lli
167 552 258 640 sunt,
287 575 337 644 qui
359 575 493 628 Venetos
513 573 648 628 Troiano
671 575 824 627 Antenore
844 580 947 640 natos,

187 677 286 743 Atque
306 674 359 727 alia
379 674 505 744 irnperio
524 674 697 743 surripuere
715 683 779 729 tuo.

111 775 148 832 Hi
168 786 258 840 sunt,
287 774 336 843 qui
357 748 485 828 Romam
509 771 581 840 tibi,
607 784 637 827 et
654 774 725 827 Itala
745 791 835 842 regne
852 758 981 846 petenti

180 876 352 932 Dixerunt:
388 883 512 942 contre,
539 874 563 927 si
583 884 687 944 potes,
715 891 796 927 arma
817 874 904 943 capel

113 979 205 1031 Arma
226 974 314 1042 igitur
334 973 451 1044 capias,
480 991 533 1045 spo
552 976 660 1045 plena,
688 983 774 1044 atque
798 973 917 1044 auspice
941 971 1079 1039 Christo,

183 1073 293 1128 Omnia
311 1085 381 1128 sunt
400 1075 516 1144 coeptis
539 1074 603 1128 laeta
622 1075 720 1127 futura
738 1074 807 1128 tuis.

116 1175 233 1232 Nescio
252 1174 323 1244 quid
340 1183 441 1227 vatum
460 1183 589 1233 statuunt
606 1175 746 1244 praesagia
764 1173 800 1228 de
818 1184 865 1242 te,

120 1288 123 1294 ’
186 1275 261 1328 Sunt
283 1290 420 1342 queque,
446 1274 495 1344 qui
515 1274 612 1327 dicent
630 1284 707 1328 astra
724 1277 824 1328 severe
842 1275 906 1330 tibi.

114 1376 201 1429 Astra
220 1374 321 1426 favere
341 1373 411 1438 tibi,
442 1382 470 1426 et
493 1375 613 1429 Veneto
632 1375 788 1429 metuenda
806 1375 912 1430 Leoni.

184 1474 270 1526 Dura
288 1471 472 1527 volubilibus
493 1473 574 1542 signa
597 1485 699 1530 notata
717 1475 805 1546 polis.

117 1573 226 1629 Omnia
245 1583 304 1626 tuta
322 1573 424 1640 vides,
447 1590 532 1628 sume
552 1591 654 1643 arma,
676 1585 705 1629 et
722 1577 779 1630 tela
798 1590 939 1646 capesse,

184 1672 346 1726 Debentur
370 1673 472 1726 leudes
492 1674 549 1726 hac
569 1691 692 1744 quoque
709 1685 792 1745 parte
811 1674 875 1727 tibi.

120 1772 196 1827 Post
214 1775 354 1827 confecta
375 1774 446 1825 olim
465 1773 621 1827 Romanus
639 1774 718 1827 bella
737 1775 860 1828 Senatus

188 1873 336 1926 Decrevit
360 1872 486 1927 ducibus
506 1889 618 1925 nomen
642 1874 679 1926 ab
696 1874 785 1928 hoste
803 1876 876 1929 suis.

120 1975 219 2044 Atque
239 1975 302 2027 aliis
324 1974 444 2026 titulum
462 1973 569 2044 Libyci
587 1992 732 2048 peperere
752 1975 910 2046 triumphi,

189 2073 353 2128 Nonnullis
373 2075 475 2129 decori
494 2075 589 2131 Gallia
609 2076 685 2131 victe
704 2077 768 2130 fuit.

122 2175 210 2228 Creta
231 2183 338 2245 potens
361 2177 440 2240 aliis,
468 2185 496 2229 et
513 2174 594 2231 bello
614 2193 717 2247 pressa
737 2175 918 2247 Corinthus,

186 2274 242 2327 Ille
262 2274 323 2329 suis
343 2276 502 2344 Numidis,
527 2277 700 2334 Thracibus
719 2279 792 2337 alter
809 2286 888 2332 ovat.

126 2374 274 2447 Quosque
295 2393 371 2444 aegre
393 2376 464 2431 vicit
481 2378 618 2436 Romana
637 2379 741 2447 injur-ia
759 2375 918 2441 Cimbros,

186 2474 226 2534 Et
245 2478 280 2530 de
299 2476 407 2530 Pellaea
426 2478 481 2530 lata
499 2479 631 2547 trophaea
650 2478 752 2533 dome.

120 2577 160 2627 At
177 2575 253 2640 tibi,
279 2575 328 2644 qui
343 2576 405 2642 jam
425 2591 457 2629 se
477 2578 578 2635 mundi
598 2584 686 2646 caput
704 2589 770 2626 esse
788 2572 946 2643 putabant,

193 2675 270 2728 Cum
289 2672 411 2742 vinces,
439 2685 553 2743 quantae
570 2675 692 2728 nomina
710 2671 805 2727 laudis
825 2669 936 2733 erunt?

121 2773 149 2828 O
169 2782 216 2834 eat
235 2773 283 2832 illa
302 2773 385 2841 dies,
413 2791 478 2846 quae
496 2775 521 2829 si
539 2775 617 2841 bene
636 2774 763 2842 colligo,
779 2771 865 2840 juxta
883 2776 943 2834 est,
968 2752 971 2757 ’

196 2872 263 2946 Qua
282 2873 334 2926 tibi
353 2875 389 2928 de
406 2875 522 2930 Veneto
543 2875 607 2931 eive
625 2873 793 2945 triumphus
814 2869 880 2925 erit·

122 2973 191 3047 Qua
209 2974 305 3026 niveis
324 2975 444 3029 duceris
465 2977 566 3046 equiS,
592 2990 744 3045 curruque
762 2970 895 3044 superbo

194 3072 272 3126 Post
290 3081 448 3128 ostentatas
467 3075 595 3140 lauriger
613 3076 776 3144 ibis‘opes.

121 3173 196 3228 Non
218 3185 273 3235 ego
293 3176 365 3220 tunc
384 3170 493 3223 solidas
512 3172 654 3235 tristabor
672 3174 700 3226 in
717 3172 806 3232 hoste
828 3177 961 3236 catenas,

192 3271 413 3338 Appensosque
433 3269 542 3338 pedes,
561 3271 778 3344 implicitusque
796 3283 913 3332 manus,

123 3373 286 3426 Ducuntur
305 3383 452 3437 proceres
473 3368 556 3423 urbis
576 3370 632 3424 sub
653 3369 777 3437 imagine
795 3376 899 3448 tantae,⁸

190 3468 240 3539 Ad
258 3476 306 3518 tua
325 3485 491 3538 pomposus
512 3471 640 3540 plaustra
658 3476 777 3524 senatus
798 3475 854 3532 eat,

125 3570 252 3636 Insultet
271 3567 374 3637 spoliis
392 3567 475 3621 dives
499 3569 661 3630 Germania
679 3566 781 3633 lectiS,

193 3670 348 3745 Plenaque
367 3675 425 3727 sint
442 3673 563 3730 Venetis
583 3672 681 3738 omnia
700 3669 818 3734 divitiis,

126 3773 171 3828 Ite
190 3775 384 3843 triumphales
403 3775 458 3844 (ita
475 3773 614 3838 vertitur)
634 3774 672 3825 ite
692 3780 834 3836 catervae,

193 3874 352 3928 Maximus
370 3875 431 3933 hec
444 3874 521 3946 juris
541 3873 725 3933 Aemilianus
741 3870 841 3938 habet.
