2640 4634
462 369 744 470 Epigrammata.

102 567 220 646 Accipe
237 577 270 627 et
289 565 329 628 ad
345 577 468 647 tempus
487 564 603 629 nostris
622 576 655 626 re
674 564 849 647 insignibus
869 586 963 643 orna,

176 667 270 732 Adde
290 666 400 749 aquilae
418 686 557 746 pennas,
584 668 640 728 hac
660 665 799 746 patiente
818 667 891 733 tuis.

102 771 179 852 Quae
199 768 372 850 siquando
397 787 468 828 suas
487 766 655 846 repetitum
673 766 796 830 venerit
821 769 899 844 atas,

178 872 268 949 Quos
288 879 323 929 tu
342 880 417 931 tunc
434 866 517 929 risus
536 868 622 928 nuda
640 866 783 933 movebis
802 869 891 931 avis?
972 847 975 860 Ι

101 970 221 1034 Desine
241 967 375 1030 cornicis
393 967 478 1030 furta
497 979 655 1029 ostentare
674 969 810 1050 periclo,

177 1070 337 1154 Emergit,
362 1089 418 1133 sua
444 1089 559 1153 quern,
592 1090 659 1130 non
686 1089 783 1152 quem
811 1068 909 1131 aliena
934 1072 1079 1152 probant.

554 1273 682 1289 m

417 1434 485 1505 Ad
523 1433 803 1525 Caesarem.

104 1622 174 1687 Jam
194 1633 248 1682 tua
272 1621 434 1683 turbatum
458 1619 547 1680 navis
567 1619 752 1680 conscendit
768 1620 802 1680 in
823 1641 949 1705 equor,

180 1725 244 1785 Icta
268 1722 447 1802 procelloso
470 1718 702 1799 discutiturque
720 1717 817 1780 freto.

105 1823 234 1888 Circum
254 1821 333 1885 Euri
352 1823 534 1907 Boreaeque
552 1819 713 1892 fremunt,
743 1817 861 1882 circum
882 1819 987 1882 omnia
1004 1818 1122 1897 Cesar,

181 1925 213 1986 Si
233 1944 296 2005 qna
315 1925 417 1983 solent
435 1920 541 1985 medio
562 1919 710 1983 terricula
730 1938 800 1979 esse
818 1918 906 1981 mari.

104 2027 180 2089 Heu
199 2035 311 2104 portus
332 2022 446 2084 invade
466 2020 554 2097 cito,
586 2040 627 2080 ne
647 2020 723 2082 dum
743 2032 877 2101 occupet
899 2021 991 2098 alter',

183 2126 360 2190 Excludare
381 2143 464 2206 vago
488 2120 660 2204 naufragus
681 2120 822 2187 Oceano.

107 2228 192 2290 Ecce
211 2225 294 2287 snbit
311 2226 439 2299 Gallus,
479 2233 510 2285 et
536 2234 636 2285 vento
660 2223 732 2283 vela
756 2222 898 2286 secundo

180 2326 435 2406 Expedit,·ipse
452 2344 573 2387 moram
594 2324 669 2384 dum
695 2323 807 2399 trahis,
828 2323 879 2385 ille
906 2324 999 2387 subit.

106 2425 214 2501 Heus,
235 2447 293 2508 age
314 2446 426 2504 rumpe
445 2446 567 2499 moras,
587 2424 720 2497 invade,
742 2424 867 2484 occasio
888 2421 993 2485 Caesar

181 2524 350 2604 Impatiens
371 2525 472 2587 omnis
493 2524 613 2602 optima
632 2541 767 2606 qnaeqtoe
789 2533 962 2584 moreest.

989 2706 1004 2735 Q

556 2738 692 2756 m

413 2883 550 2962 Galli
582 2880 825 2989 jactatio.

110 3079 236 3156 Pingue
257 3071 332 3134 mihi
350 3074 454 3133 lucete
472 3070 558 3145 foci,
576 3091 647 3132 mea
663 3071 727 3132 litia
744 3070 877 3142 florent,

185 3173 323 3235 Victima
340 3171 477 3233 fortuma
495 3170 640 3230 concidat
659 3170 721 3232 icta
741 3169 866 3247 triplex.

113 3277 219 3339 Gallus
240 3274 299 3348 ait,
319 3291 476 3354 sacroque
494 3270 604 3330 ardete
623 3271 729 3331 altaria
745 3267 853 3343 fumo,
908 3326 910 3331 .

188 3378 282 3438 Nunc
301 3372 375 3436 mihi
395 3393 465 3446 sus,
485 3390 571 3432 nunc
591 3371 668 3445 bos,
689 3389 774 3431 nunc
793 3368 882 3431 cadat
902 3384 983 3450 agna
1000 3361 1085 3425 mihi.

111 3481 166 3542 Ille
186 3476 284 3539 modo
304 3486 429 3554 captus,
449 3485 544 3554 capto
563 3484 651 3553 patre
672 3471 799 3533 ducitur
817 3469 947 3552 anguis,

48 3654 55 3661 ,
188 3576 337 3640 Insubres
356 3586 483 3657 parent,
514 3572 767 3656 Coenomanique
786 3572 873 3636 mihi.

111 3682 213 3746 Janua
231 3690 336 3758 paret,
357 3697 438 3758 opus
457 3675 632 3759 Ligurum,
652 3674 848 3757 Alpinasque
868 3671 999 3756 subegi,

189 3783 269 3842 Tam
288 3782 349 3840 late
371 3778 525 3859 populos,
544 3777 729 3859 Italiamque
747 3795 872 3856 premo.

113 3882 280 3955 Fortunae,
300 3881 357 3943 sed
378 3883 495 3961 optima
513 3898 584 3941 mea
602 3878 692 3939 cadat
711 3877 814 3940 hostia
833 3877 963 3949 dextra,

187 3982 303 4050 Ultima
319 4001 410 4065 spes,
433 3979 518 4047 orbis
538 3976 706 4062 imperinm
724 3987 877 4060 superest.
