2640 4634
490 382 772 482 Epigrammata.
1062 392 1131 463 206

111 580 219 644 Ausus
239 573 296 639 ubi
316 587 364 638 est
381 573 504 659 Aquilae
523 594 584 636 nee
603 574 713 654 opinas
732 583 861 634 nectere
881 573 1025 656 fraudes,
1113 608 1116 615 ·

187 681 229 741 Et
247 689 374 759 paetum
388 675 480 758 sociae
500 692 648 757 rumpere
667 673 771 736 foedus
791 670 859 750 avi,

110 781 234 843 Rursus
255 779 295 840 ad
314 778 463 840 Insubres
480 778 586 838 lacero
604 775 686 838 redit
705 774 829 858 agmine
848 786 988 852 montes,

187 880 204 941 1
221 899 322 953 nunc,
347 890 441 960 atque
461 878 557 953 ultra,
578 893 672 959 quam
691 876 784 938 decet
804 895 889 951 esse,
908 898 994 958 para.

166 1231 226 1307 Ad
250 1228 579 1307 Maximilianum
605 1226 799 1309 sfortiam
824 1233 1069 1312 restitutum.

109 1429 229 1501 Slorlia
245 1431 435 1518 progenies,
456 1437 523 1498 istis
543 1435 725 1519 dignissime
744 1437 856 1515 rebus,

184 1540 261 1618 Quae
282 1537 340 1598 tibi
358 1558 392 1598 se
414 1539 502 1616 lapso
522 1536 689 1597 restituere
705 1548 809 1616 patre.

46 1620 48 1625 ,
108 1637 226 1699 Ssortia
244 1636 432 1719 progenies,
453 1656 550 1717 quem
568 1647 642 1715 post
659 1636 720 1697 tria
738 1639 836 1698 lustra
854 1639 991 1718 recepit,

180 1740 211 1801 A
232 1756 297 1820 quo
318 1732 489 1815 dispulerat
508 1754 577 1796 sors
597 1732 737 1795 recidiva
755 1736 839 1797 loco.

108 1840 257 1902 Gratulor
277 1836 379 1898 eiecto
400 1834 459 1897 tibi
478 1855 511 1896 se
531 1833 727 1896 committere
749 1834 856 1913 Gallo,

182 1937 332 2002 Insubriae
352 1938 508 2017 populos,
529 1930 805 2018 Coenomanosque
824 1945 908 1999 tuos.

109 2030 256 2102 Tendere
277 2039 310 2100 in
330 2057 497 2100 ocerrrsum
516 2034 644 2112 reduci,
662 2048 842 2120 matresque
861 2039 1028 2124 virosque,

183 2141 245 2220 Qui
264 2156 361 2223 grave
381 2136 545 2200 Celtarum
564 2135 744 2217 deposuere
764 2137 886 2222 jugum.
939 2215 942 2221 Ι

106 2243 238 2322 Ereptas
259 2240 399 2322 gaudere
418 2238 531 2314 urbes,
551 2239 737 2323 animosque
757 2251 887 2304 tuorum

178 2340 266 2404 Inte
287 2341 391 2404 defixa
410 2360 483 2420 spe,
505 2339 648 2419 posuisse
666 2351 794 2402 metum.

105 2445 146 2504 Et
165 2461 251 2503 nune
269 2441 320 2502 ille
336 2460 431 2521 vagas
452 2430 595 2519 disperso
614 2440 711 2501 milite
733 2451 851 2501 turmas

178 2538 358 2619 Bellicaque
377 2533 503 2597 insenso
523 2537 651 2599 numine
672 2549 772 2597 eastra
789 2539 890 2601 trabit.

104 2640 329 2719 Caesareaeque
349 2634 467 2718 aquilas
487 2654 544 2714 per
563 2657 630 2698 non
648 2636 816 2697 remeabile
836 2641 964 2716 eoelum,

67 2720 70 2729 ¹
178 2737 273 2800 Caede
292 2756 374 2818 vaga
389 2735 553 2815 trepidum.
567 2735 753 2799 conficiente
772 2734 864 2820 fugit.
894 2755 896 2759 ¹

63 2894 67 2898 .
102 2844 153 2904 Da
170 2839 294 2900 veniam
312 2837 442 2899 fortuna
461 2836 556 2912 viris,
578 2836 633 2920 qui
651 2847 682 2897 te
704 2837 808 2899 omnia
825 2858 928 2919 nuper

177 2939 334 3013 Miscere,
354 2937 473 3020 absque
493 2941 558 3001 ullo
580 2938 715 3001 dixiruus
736 2937 875 3000 arbitrio.

230 3294 296 3366 De
331 3285 464 3366 Gallo
499 3316 551 3366 ex
582 3292 722 3366 Italia
756 3287 985 3395 fugiente.

101 3491 169 3556 Cur
187 3515 272 3555 nune
291 3494 342 3556 ille
360 3492 458 3577 sugit,
480 3489 686 3578 demissisque
708 3496 841 3558 ambulat
860 3496 913 3559 alis

176 3594 299 3670 Gallus,
319 3606 367 3656 tot
386 3597 511 3676 populis
534 3597 596 3680 qui
607 3597 703 3658 modo
723 3608 827 3659 terror
846 3597 938 3659 erat?

57 3776 66 3785 ι
100 3692 168 3756 Cur
188 3696 294 3757 lacero
313 3689 406 3779 tergo
419 3686 576 3778 ⁸fugienti,
596 3707 691 3777 atque
711 3693 834 3781 agmine
853 3716 952 3779 parvo
963 3741 972 3774 ,

174 3794 341 3876 Languida
359 3796 486 3857 funesto
507 3793 659 3878 sanguine
680 3798 772 3858 crista
790 3798 918 3861 madet?

99 3892 218 3971 Nempe
238 3896 325 3976 quod
344 3897 485 3958 antetulit
504 3895 676 3979 tranquillis
695 3899 822 3961 turbida
841 3895 955 3976 rebus,

173 3992 274 4074 Supra
291 3995 438 4079 Aquilam
456 3997 567 4077 pennis
588 4016 681 4062 ausus
700 4001 786 4064 abire
805 4001 880 4071 suis.
