2670 4628
590 741 825 828 Nemo,

657 939 778 968 y*—·—=-

215 1064 371 1184 Quisquis
394 1094 481 1158 ades,
511 1088 665 1160 speculare
681 1103 779 1143 novos
804 1087 832 1154 in
857 1087 981 1155 imagine
1000 1089 1098 1152 vultus
1106 1125 1115 1152 ‚

281 1192 328 1244 Ne
347 1188 436 1256 rigidd
455 1187 551 1257 pictos
572 1185 672 1253 accipe
692 1185 790 1235 fronte
805 1183 916 1250 jocos!

214 1282 269 1336 Sed
289 1281 344 1352 qud
365 1281 428 1332 laeta
446 1279 550 1347 probis
569 1277 713 1337 trahimus
735 1275 871 1327 convivia
889 1275 1017 1341 mensu,

283 1375 413 1444 Quoque
433 1373 518 1422 decet
535 1370 617 1426 'vultu
640 1382 689 1423 res
709 1367 823 1420 variare
843 1382 959 1434 graves.

213 1466 282 1521 Hos
300 1463 414 1531 homini
434 1473 537 1527 natura
555 1460 653 1515 dedit:
686 1459 825 1526 gravitate
843 1460 996 1524 fruamur,

284 1559 340 1615 Sed
358 1567 455 1623 tamen
476 1564 503 1606 et
521 1553 595 1611 fines
614 1568 663 1608 res
680 1552 772 1605 hebet
790 1552 843 1616 ista
863 1565 947 1606 suos.

215 1647 255 1704 Et
272 1649 449 1720 quandoque
466 1647 549 1702 leves
568 1645 688 1698 veniunt
706 1653 774 1714 post
793 1643 869 1696 seria
888 1643 965 1699 risus
976 1683 984 1710 ,

193 1736 220 1771 '³'
283 1742 331 1796 Ne
351 1755 470 1810 semper
490 1741 582 1795 duros
600 1754 656 1794 nos
671 1738 756 1804 juvet
776 1753 841 1790 esse
860 1736 969 1788 minus.

217 1830 335 1909 Quaeris
359 1834 415 1902 (ut.
431 1815 488 1886 ista*
509 1829 635 1902 loquor)
659 1830 725 1900 quis
751 1829 823 1895 sim,
854 1845 917 1898 quae
938 1828 1015 1894 vita,
1051 1829 1116 1898 quis
1134 1832 1231 1883 usus?

285 1928 361 1981 Ηεεο4
374 1925 472 1992 volui,
497 1925 610 1990 lector,
636 1924 721 1992 plana
743 1923 833 1976 fuisse
859 1922 921 1982 tibi.

219 2019 289 2087 Sum
308 2019 431 2084 Nemo,
457 2016 573 2083 vivam,
598 2032 655 2069 nec
673 2034 710 2067 ne
723 2036 733 2082 3
761 2015 807 2066 cui
826 2015 925 2067 dicere
944 2023 1115 2084 promptum
1136 2023 1194 2082 est,

287 2111 360 2163 Non
379 2109 465 2161 etiam
484 2120 599 2160 certum
619 2118 662 2160 cst
680 2109 742 2160 hoc
760 2107 852 2173 mihi3
880 2107 948 2159 vivo
967 2115 1075 2161 tamen.

160 2212 162 2215 '
218 2201 320 2256 Nemo
339 2201 423 2267 agitat
440 2201 548 2267 vitam,
567 2201 619 2253 sed
641 2201 718 2253 enim
739 2200 804 2270 quis
824 2199 946 2252 credere
964 2199 1082 2269 possit?

290 2293 317 2346 Si
336 2293 424 2359 viv0‚
451 2308 512 2346 non
535 2302 579 2346 est
596 2292 675 2359 vita,
701 2278 781 2362 qued
805 2293 877 2345 alter
896 2293 960 2360 ugit.

222 2388 275 2452 Ille
295 2403 349 2454 ego
369 2402 435 2438 sum
453 2385 576 2451 Nemo,
602 2386 716 2455 dequo
736 2402 819 2440 sacra
839 2386 934 2439 littera
955 2385 1045 2438 dicit:
1115 2430 1120 2437 .

289 2480 357 2549 lpse
376 2478 432 2532 sibi
451 2477 516 2531 vitae
537 2495 660 2531 munera
677 2479 778 2531 Nemo
798 2478 885 2532 dedit.

222 2570 323 2626 Nemo
345 2571 400 2636 fuit
419 2588 538 2641 semper
548 2590 558 2639 3
587 2588 676 2636 nemu
697 2571 753 2624 isto
775 2581 910 2642 tempore
930 2571 1021 2637 vixit,

294 2663 363 2737 Quo
383 2664 458 2716 mule
479 2663 654 2735 dispositum
674 2663 711 2714 dii
736 2681 861 2719 secuere
881 2665 993 2717 Chaos.

225 2756 333 2815 Omnia
351 2754 451 2808 Nemo
471 2743 569 2824 potest
580 2774 589 2822 3
619 2752 719 2808 Nemo
738 2756 811 2824 sapit
830 2756 927 2808 omnia
947 2774 1000 2825 per
1019 2772 1067 2822 se,

293 2848 393 2918 Neruo
414 2858 511 2900 munet
530 2864 668 2916 semper3
698 2848 820 2898 erimine
841 2848 939 2901 Nemo
960 2859 1049 2901 caret.

225 2937 327 2994 Nemo
348 2939 476 2990 animum
495 2939 576 2991 novit
597 2940 724 3005 domini,
751 2956 915 3010 sensusque
935 2942 1073 3007 latenteS,

295 3031 396 3084 Nemo
416 3030 496 3100 quod
517 3043 577 3097 est,
606 3034 685 3101 quod
706 3045 787 3100 erum
815 3034 915 3088 Nemo
936 3030 1032 3087 futuru
1052 3041 1139 3085 tenet.

228 3123 329 3189 Nemo
350 3123 378 3176 in
399 3141 500 3176 amore
522 3124 595 3193 sapit
604 3143 613 3192 3
642 3125 741 3180 Nemo
765 3136 808 3179 est
828 3129 856 3178 in
875 3145 977 3180 amore
997 3126 1088 3178 fidelis
1096 3164 1106 3190 ,

228 3269 230 3272 ,
296 3218 397 3270 Nemo
418 3217 502 3283 aliis,
533 3217 589 3269 sibi
608 3235 715 3287 quum,
740 3218 826 3272 fidior
845 3236 909 3272 esse
928 3230 1036 3289 potest.

228 3307 329 3362 Nemo
351 3325 437 3376 vagus
456 3319 590 3360 numerat
611 3311 729 3378 stellas,
761 3313 826 3382 ipso
849 3313 951 3365 ordine
971 3311 1054 3365 novit

299 3401 418 3467 Nemo,
446 3401 515 3470 quid
534 3401 561 3451 in
581 3403 676 3467 tend,
703 3406 831 3474 quidque
849 3406 960 3456 feratur
980 3403 1064 3473 aqud

230 3490 331 3545 Nemo
351 3504 448 3562 potest
466 3493 592 3546 dominis
612 3497 697 3546 simul
718 3496 860 3548 inservire
880 3497 1016 3564 duobuS,

299 3587 398 3639 Nemo
419 3596 517 3656 potest
534 3586 632 3640 vultus
654 3605 773 3658 semper
790 3589 901 3641 habere
921 3603 1017 3657 pares.

231 3676 331 3744 Nemo
351 3678 440 3730 maris
461 3688 574 3744 guttas,
602 3672 819 3750 numerumque
838 3692 975 3734 recenset
995 3695 1109 3746 arenae,

300 3771 401 3825 Nemo
421 3769 468 3821 dut
490 3771 594 3824 aestivis
614 3775 733 3825 nomina
755 3775 936 3844 pulveribus..

233 3861 334 3914 Nemo
356 3871 454 3929 polest
473 3863 559 3916 etium
579 3864 720 3916 infectum
741 3858 863 3919 reddere
884 3867 1010 3930 sactum,

303 3954 404 4008 Nemo
424 3964 522 4022 potest
539 3955 639 4023 lapsos
658 3955 718 4008 huc
737 3975 881 4028 revocare
901 3959 973 4027 dies,
