2670 4628
198 758 776 897 Huttend'viennam
821 811 1162 917 intrantia*

505 980 822 1081 Carmen*).j
1087 970 1090 975 ’
1157 952 1160 957 ⁵

269 1338 454 1406 Ulricus
491 1338 727 1404 Huttenns
763 1336 1042 1430 Peregrinus

451 1452 664 1522 Viennam
699 1454 869 1523 salutat.

541 1631 760 1653 m

149 1755 244 1845 'pene
262 1783 422 1854 pererratis
441 1789 516 1852 quot
532 1780 623 1836 habet
642 1781 805 1839 Germania
820 1789 935 1851 terrae,

221 1878 260 1932 Et
277 1879 348 1931 visis
367 1876 486 1947 populis
505 1890 627 1946 quoque
646 1873 704 1927 sub
722 1873 797 1926 orbe
815 1874 902 1927 novis
907 1894 918 1942 3

152 1972 286 2029 Plurima
305 1986 410 2042 passus
430 1969 532 2040 aquis,
553 1976 582 2021 et
599 1976 679 2046 lepra
695 1965 823 2037 plurima
842 1981 967 2037 passus,

222 2064 380 2132 Ingredlor
397 2078 502 2116 muros
521 2061 576 2120 alta
594 2061 708 2114 Vienna
725 2068 806 2113 tuos.
977 2131 978 2134 Ἴ

153 2156 226 2212 Non
245 2157 312 2233 quia
332 2157 412 2208 forte
430 2156 501 2216 loco
519 2155 628 2215 vellem
648 2162 676 2206 tc
695 2152 801 2209 adiisse
818 2167 978 2224 supremo,

222 2248 279 2302 Sed
297 2249 365 2319 quia
384 2249 486 2302 fatales
506 2248 549 2302 sic
569 2246 693 2308 voluere
713 2247 798 2300 Deae.

151 2336 223 2395 Fata
243 2323 376 2410 sequor,
401 2342 466 2395 fatis
486 2341 523 2394 ita
542 2339 801 2410 Compellentibus
822 2357 911 2407 erro,

224 2436 301 2486 Ante
321 2434 390 2486 allas
410 2441 529 2499 tecum,
549 2432 572 2485 si
591 2431 743 2498 licuisset,
767 2448 859 2486 eram.

155 2524 243 2599 Quos
261 2524 333 2583 mihi
353 2524 427 2583 dura
444 2524 506 2576 dies
525 2522 671 2582 Lachetis
690 2522 893 2590 disterminat,
914 2531 944 2576 et
961 2540 1036 2595 quas

223 2615 332 2682 Infligit
349 2630 455 2680 curas,
474 2612 656 2682 deliciasque
674 2628 798 2683 sequor.

153 2709 226 2766 Non
246 2707 341 2761 voluit
358 2706 458 2776 patriae
475 2704 664 2774 tranquillam
681 2703 823 2764 habuisse
842 2704 994 2776 quietem,

224 2801 295 2855 Non
312 2799 408 2852 voluit
425 2797 543 2869 placido
562 2796 653 2859 vitam
673 2797 779 2865 agitare
798 2805 886 2852 statu.

154 2895 228 2960 Ast,
248 2893 301 2958 ait,
324 2892 459 2959 errabis,
476 2890 622 2961 varioque
640 2890 697 2947 sub
716 2889 792 2944 orbe
809 2889 926 2946 videbis

224 2985 396 3038 Multorum
413 3000 535 3050 rueres,
554 2983 698 3054 quodque
717 2985 851 3055 sequaris
871 2983 934 3039 erit.

155 3074 224 3132 Nec
244 3075 329 3140 sinit,
347 3083 379 3126 ut
397 3077 507 3136 vellem
527 3092 613 3133 curas
632 3078 806 3148 amplectier
823 3079 907 3144 illas,

226 3167 281 3219 Sed
303 3176 408 3218 contra
427 3177 537 3221 nutum
551 3176 678 3237 pugnat,
699 3168 814 3238 agitque
833 3185 945 3222 meum.

156 3261 186 3315 Si
205 3268 310 3312 contra
329 3258 501 3328 impositum
519 3259 653 3320 licuisset
670 3259 772 3313 vivere
792 3274 931 3327 cursum,

225 3352 295 3404 Visa
313 3350 384 3405 mihi
404 3351 534 3421 primum
552 3350 704 3406 Pannonis
724 3368 777 3404 ora
796 3353 887 3404 foret.

158 3445 277 3499 Scilicet
297 3444 461 3499 immensos
480 3443 578 3506 visum
598 3453 642 3496 est
660 3447 797 3515 perferre
816 3445 955 3510 labores,

225 3537 263 3590 Et
280 3537 399 3590 tandem
416 3537 527 3590 molles.
545 3537 703 3615 appetiisse
723 3537 796 3592 dics.

158 3631 206 3685 Da
224 3632 369 3700 placidam
389 3630 525 3686 dextram
541 3631 688 3697 uenienti,
707 3630 782 3683 urbs
801 3629 899 3696 clara,
916 3627 1038 3694 Poeta,

227 3725 294 3781 Hoc
311 3733 340 3776 te
358 3740 413 3792 per
432 3722 530 3784 cultos
547 3723 696 3802 supplicat
713 3722 764 3775 illc
781 3725 870 3783 tuos!¹

178 3892 207 3960 ²⁸)
225 3903 260 3946 Ist
286 3903 327 3947 der
363 3903 538 3950 Varianischcn
570 3905 702 3961 sammtung
729 3893 897 3962 beigedruckt5
932 3901 1037 3960 mangelt
1067 3899 1092 3942 in
1127 3899 1172 3942 ‹len

227 3984 326 4031 meister
345 3985 547 4034 Verzeichnlssen
567 3989 609 4034 der
628 3991 800 4038 nutten’schen
818 3989 943 4041 Schriften.
