2640 4634
456 344 745 489 'Epigrammutu
1039 395 1099 467 187

99 584 176 645 Vixi
195 585 342 665 etpridcm
362 584 644 659 Musim*'·animum
661 582 810 664 coluique
828 601 886 661 per
904 593 1001 656 artes,

174 685 236 744 Sed
255 705 329 744 reor
349 685 428 746 irato
448 705 497 746 me
517 684 671 745 studuisse
690 684 762 771 dee.

99 785 192 846 Mcu's
213 797 295 857 erat,
317 806 399 846 arma
419 784 526 867 sequi,
547 797 579 846 et
594 787 754 847 Venetum
772 784 831 846 sub
852 782 975 847 Cetium
989 782 1104 846 bellum

174 886 295 949 Verum
316 886 376 946 atio
395 887 477 946 bello
497 884 621 948 concidi
640 898 672 946 et
689 887 780 949 hoste
799 887 869 946 alio.

98 987 303 1066 Pauperiem,
336 981 484 1061 morbos,
514 986 668 1067 spolium,
697 973 882 1067 frigusque,
911 985 1103 1068 famemque,

174 1088 248 1148 Vita
268 1088 371 1160 omni,
402 1099 434 1147 et
454 1108 523 1169 quaa
543 1098 616 1147 sunt
635 1087 810 1165 asperiora,
837 1087 903 1147 uui.

100 1189 199 1253 Recte
219 1199 336 1261 actum,
366 1187 465 1249 cecidi
483 1187 607 1249 iuvenis
626 1187 735 1260 miser,
756 1198 787 1246 et
805 1187 901 1246 miser
922 1188 1012 1258 exui,

174 1290 223 1351 Ne
242 1288 359 1350 maiora
377 1289 494 1363 feram,
521 1309 562 1350 ne
582 1287 756 1373 videarque
775 1287 861 1353 meis.
949 1351 952 1356 ,

539 1472 679 1485 -u—-u-u

771 1462 839 1527 “usi

245 1590 526 1684 Trophaeum
558 1588 731 1689 Jacobi
763 1542 964 1703 dti‘l'tms.

37 1792 41 1799 ·
102 1752 188 1813 Mars
217 1751 342 1832 genitor
368 1761 462 1810 votos
489 1749 627 1811 Jacobus
653 1749 766 1811 ductor
793 1750 948 1822 honores,

173 1853 249 1912 Haec
268 1850 325 1911 tibi
345 1850 481 1910 defusis
502 1870 585 1911 arma
602 1851 683 1910 locat
705 1848 849 1912 Venetis.

544 2027 684 2043 m

270 2155 339 2225 De
374 2132 577 2223 Venetis
611 2152 666 2224 ad
699 2153 944 2231 Caesarcm.

213 2314 373 2376 Ferebant
391 2315 509 2375 Veneti
528 2313 619 2375 nimis
637 2315 773 2394 superbe

217 2416 374 2477 Fortunas
395 2415 523 2494 patrias,
549 2417 663 2496 suique
687 2418 799 2474 census

217 2516 293 2574 Non
311 2515 491 2575 evertthites
510 2516 602 2576 maris
623 2514 790 2591 putabant,

220 2615 384 2694 'l'anquam
406 2613 465 2673 illis
490 2614 549 2674 (lea
572 2633 669 2673 coeca
693 2631 816 2690 semper
841 2630 966 2680 numini,

219 2714 348 2792 Semper
367 2712 490 2775 divitias
514 2726 584 2775 rota
602 2713 729 2778 favente

220 2817 363 2877 Praesens
383 2817 608 2891 accumularet,
636 2826 667 2879 et
687 2811 853 2897 quotannis

217 2916 360 2979 Devietis
380 2938 465 2979 nova
485 2917 614 3001 regibus
636 2916 754 2977 tributa

218 3015 309 3074 Ultro
330 3014 513 3094 apponeret.
552 3019 636 3078 Hine
655 3017 748 3078 furor
766 3015 938 3096 minaeque,

221 3112 306 3171 Hine
325 3113 464 3188 insania,
492 3117 702 3198 pertinaxque
719 3107 837 3187 fastus,

224 3211 394 3291 Augebant
418 3213 536 3274 animos
560 3214 761 3276 ferocientes.

225 3312 309 3372 Hine
330 3312 380 3373 ille
400 3313 586 3375 immodicus
606 3327 713 3377 tumor
736 3312 851 3388 suasit,

223 3415 330 3494 Reges
351 3434 523 3492 spernere,
555 3414 793 3495 despicatuique

226 3512 418 3575 Germanum
437 3516 533 3577 decus
558 3528 590 3576 et
607 3516 694 3577 viros
713 3514 847 3589 hahere,

224 3613 328 3694 Divos
349 3624 444 3696 atque
467 3616 609 3679 homines
630 3618 706 3679 nihil
724 3616 841 3679 vereri.

224 3715 275 3777 Ah
294 3706 564 3799 nuduitt'ffluoti'es
582 3729 613 3777 et
632 3716 848 3799 indigentem,

227 3798 486 3899 Exhausffiie
510 3818 647 3895 pecunia
662 3818 838 3880 ¹vocabant:

226 3913 323 3975 Ludo
342 3914 512 3978 te'Veneti
533 3916 691 3992 salaciori,
776 3932 778 3939 '

226 4016 254 4075 T
258 4036 275 4074 e
296 4016 442 4089 (limeris,
472 4029 504 4078 te
525 4021 611 4079 leves
634 4017 793 4089 cachinni,
