2640 4634
588 362 736 457 Querel.
769 367 790 438 l.
816 367 859 439 ΙΙ.

523 733 919 898 Elegiall.

214 1009 270 1081 Ad
309 1011 356 1080 D.
403 1008 432 1080 T
436 1003 673 1079 heodoricum
713 1003 759 1074 de
797 1000 951 1093 Bulow,
1000 984 1224 1105 Episcopum

331 1123 337 1133 ’
580 1127 844 1197 Lubueensem.

634 1322 799 1335 m

213 1445 335 1541 Sume,
364 1470 510 1528 Lubusini
531 1469 560 1541 *)
581 1469 688 1540 praesul
707 1469 891 1524 sanctissime
909 1472 1009 1544 templi
1020 1513 1029 1542 ,

282 1571 430 1633 Carmen,
460 1567 534 1619 etin
553 1565 644 1636 patria
665 1565 781 1617 condita
800 1567 908 1635 scripta
930 1579 988 1622 tua.

210 1663 279 1718 Nec
297 1660 443 1712 contende
463 1659 511 1711 diu
529 1667 648 1722 tecum,
679 1657 744 1726 quis
764 1658 917 1728 scripserit
936 1672 1038 1727 autor,

278 1754 350 1808 Non
370 1752 456 1804 decet
478 1751 632 1804 exanimo
653 1766 701 1802 me
722 1750 865 1804 cecidisse
883 1761 946 1807 tuo.
1008 1803 1012 1825 ¹

210 1847 279 1918 (Ille
297 1845 349 1898 tibi
369 1842 489 1909 scribit,
520 1859 609 1912 quem
627 1853 659 1895 tu
676 1843 839 1912 puerilibus
859 1845 940 1899 annis

276 1939 421 2007 Dignatus
440 1936 503 1988 veri
521 1936 611 2005 patris
631 1953 662 1990 es
682 1935 797 2005 officio)

209 2034 261 2088 lile
279 2033 331 2085 tibi
352 2030 472 2096 scribit,
502 2045 591 2097 quem
610 2038 641 2082 tu
659 2029 724 2082 vice
738 2030 848 2098 judicis
869 2030 943 2102 aequi

276 2125 393 2178 'I'existi
412 2123 547 2175 induciae
566 2122 662 2192 plebis
682 2123 717 2175 ab
738 2123 854 2177 invidia.

208 2220 296 2274 Sume
316 2217 429 2268 animos
448 2223 583 2280 veteres,
603 2215 796 2285 priscumque
817 2225 945 2284 agnosce
963 2215 1118 2272 favoreml

276 2309 354 2382 Quid
375 2307 451 2360 cadit
474 2323 512 2359 ex
538 2307 635 2360 animo
654 2307 760 2375 Fagina
778 2309 868 2361 Musa
886 2311 959 2363 tuo?

206 2406 325 2473 Atque,
354 2400 406 2452 ubi
425 2399 565 2468 cognoris
583 2399 742 2466 blandam,
771 2417 836 2454 mea
854 2410 940 2468 vota,
972 2398 1096 2453 salutem

275 2495 321 2548 Ad
339 2509 406 2546 mea
426 2501 606 2545 consuetum
624 2493 753 2546 carmina
772 2505 874 2564 pectus
892 2494 981 2557 habe.

205 2587 287 2642 Ecce
305 2601 388 2639 meas
406 2585 514 2654 praesul
533 2585 625 2638 laetata
645 2586 743 2638 fronte
764 2587 919 2640 Camoenas

272 2679 410 2747 Accipit,
439 2679 559 2730 Hutteni
583 2679 687 2748 plenus
707 2695 809 2731 amore
828 2680 894 2745 sui3
983 2673 985 2676 ’

204 2771 286 2831 Ecce
301 2771 387 2837 jubet
406 2771 507 2823 faciles
527 2786 631 2823 secum
650 2771 781 2823 residere
800 2772 929 2840 puellaS,

271 2862 310 2914 Et
327 2871 407 2923 totus
426 2871 532 2914 nostro
553 2863 657 2914 candet
682 2863 710 2915 in
734 2861 860 2929 ingenio.

202 2954 255 3008 Dii
278 2954 331 3006 tibi
352 2955 421 3006 dent
439 2954 508 3006 tanti
526 2955 654 3023 pretium
672 2971 733 3007 non
753 2953 811 3005 vile
834 2951 963 3017 favoris,

272 3046 332 3119 Qui
350 3062 487 3111 memor,
518 3063 554 3111 ο,
588 3047 668 3114 longi
687 3055 791 3116 pectus
812 3045 921 3098 amoris
941 3043 1034 3100 habes
1050 3047 1057 3100 1

204 3139 232 3194 Si
251 3149 349 3192 tamen
370 3139 512 3208 inquiris,
543 3156 602 3207 quo
624 3157 672 3191 me
692 3155 759 3192 sors
778 3138 915 3208 improba
933 3148 1049 3204 verset,
1121 3195 1124 3199 ,

273 3235 367 3302 Atque
389 3233 515 3300 aliquam
534 3231 569 3283 de
591 3248 639 3285 me
658 3248 779 3301 spemve
798 3242 947 3284 metumve
966 3231 1064 3298 gotie,

203 3324 311 3391 Tolle,
330 3326 409 3394 quod
430 3325 543 3376 invidiae
566 3332 627 3390 cst,
654 3341 769 3393 quaque
790 3323 859 3377 arsit
877 3323 1002 3377 Lossius
1022 3324 1062 3374 ira
1072 3359 1082 3386 ,

268 3417 342 3469 Non
363 3417 418 3469 erit
436 3425 556 3482 angusta
575 3433 622 3468 res
641 3433 706 3468 mea
726 3416 795 3468 fulta
815 3425 900 3468 statu.

202 3505 255 3560 Ille
273 3525 355 3562 meas
376 3509 438 3561 iniit
458 3509 619 3561 furibundo
639 3510 740 3562 Marte
761 3508 934 3575 Camoena8‚

269 3599 321 3651 Ille
339 3600 398 3652 mei
417 3601 544 3652 multum
567 3601 684 3652 sustulit
706 3599 833 3666 ingenii3

200 3690 253 3746 Ille
272 3691 331 3742 mci
350 3692 484 3762 requiem
503 3691 591 3743 studii
609 3693 801 3762 placidosque
821 3709 958 3746 recessus

269 3783 408 3850 Turbat,
436 3795 465 3838 et
483 3787 585 3836 insano
605 3785 718 3852 spicula
738 3787 830 3839 corde
850 3788 954 3841 vomit.

233 3984 255 4034 *l
273 3982 298 4027 In
318 3982 360 4042 der¹
377 3981 516 4036 Wolgasler
535 3978 697 4026 Druckschrllt
716 3985 780 4030 steht
798 3986 925 4030 Luluslne.
