2640 4634
210 417 259 466 cu
373 383 648 463 Grabschriften
675 384 746 458 und
771 383 1053 480 Erinnerungen

209 584 283 646 Non
302 582 360 642 ita:
385 592 455 640 narn
473 579 568 640 rebus
589 597 649 639 nec
669 575 782 637 clarior
801 578 862 636 ulla
882 596 942 654 per
962 574 1072 637 orbem

285 682 371 742 Gens
392 678 468 752 luit,
491 689 542 738 aut
563 679 626 738 ullo
648 689 789 754 tempore
808 676 890 736 vieta
908 676 1021 736 minus.

210 782 278 847 Cur
300 778 420 861 igitur?
443 777 536 859 quia,
561 798 624 837 non
648 776 761 850 rebus,
782 776 839 838 sed
860 774 986 838 nomine
1005 776 1101 836 rebus

287 884 364 959 Quae
383 879 523 948 lacerent
543 877 682 955 scriptis,
702 895 761 936 nos
781 876 919 939 caruisse
938 875 1047 958 liquet,
1063 875 1066 882 “

209 980 373 1058 Praecipue
397 998 469 1038 cum
489 979 619 1039 floreret
641 975 826 1037 Germanica
847 976 963 1050 virtus,

284 1083 326 1141 Et
347 1078 488 1139 nundum
509 1075 559 1137 hic
580 1087 703 1136 nostras
722 1078 815 1136 luxus
836 1076 966 1137 haberet
985 1096 1074 1156 opes.

211 1179 304 1239 Tunc
323 1177 524 1248 memoranda
546 1175 610 1238 aliis
632 1175 733 1237 nostri
752 1181 879 1258 gessere
900 1164 1066 1256 parentes:

287 1278 379 1337 'l'unc
399 1297 504 1337 reruni
526 1275 624 1338 virtus
646 1275 740 1337 unica
763 1296 857 1337 causa
875 1275 956 1337 suit:

211 1376 240 1438 T
243 1397 320 1448 unc,
345 1375 418 1456 quia
442 1375 630 1453 scriptorum
652 1397 712 1437 nos
732 1375 880 1437 deiecere
898 1376 1039 1452 labores,

286 1475 394 1536 Gloria
414 1477 551 1536 Letheas
567 1485 682 1548 ,nostra
701 1474 818 1536 subivit
840 1496 948 1556 aquas.

209 1575 361 1643 ,Nondum
382 1584 447 1635 tota
466 1587 586 1648 tamen,
610 1574 776 1655 quoniam,
798 1574 870 1636 licet
889 1574 1014 1651 invida,
1034 1588 1177 1639 nostrum

285 1677 359 1734 Non
377 1673 480 1753 potuit
502 1686 602 1735 totum
622 1673 704 1735 furna
726 1686 829 1735 tacere
852 1676 959 1737 decus.

209 1776 252 1836 Et
271 1773 400 1851 sparsim
422 1775 565 1836 Romana
584 1773 648 1834 suis
672 1796 709 1835 ea
730 1775 831 1838 littera
850 1776 945 1836 rebus

287 1874 440 1948 Inseruit,
461 1897 530 1956 quoe
550 1895 635 1936 nunc
654 1895 769 1953 pauca,
790 1876 846 1938 sed
866 1875 1057 1954 aptavides.

211 1975 319 2057 Atque
336 1996 388 2050 ea,
411 1975 437 2036 si
458 1997 596 2056 quaeras,
619 1997 688 2056 quse
708 1975 786 2049 sint,
811 1987 842 2035 et
864 1974 981 2057 qualia,
1002 1977 1098 2038 debes

252 2087 255 2094 ’
286 2086 433 2150 Huttcnr‘,
449 2087 566 2154 patriae
584 2086 720 2140 vindicis
739 2095 809 2138 esse
829 2096 960 2137 memor.

210 2175 242 2237 Is
263 2175 390 2256 cpiraesita
410 2174 473 2237 suis
494 2176 600 2254 patriae
619 2176 810 2240 monimenta
830 2174 940 2237 libellis

289 2276 414 2348 Edidit,
438 2287 470 2335 et
489 2277 590 2336 lucem
609 2272 700 2354 jussit
719 2277 836 2338 habere
856 2297 981 2341 novam.

211 2373 291 2436 Nam
311 2374 385 2455 quia
404 2396 524 2454 sparsa,
547 2375 614 2437 aliis
637 2375 814 2458 incognita,
836 2395 971 2460 quaeque
990 2375 1145 2450 latebant,

290 2475 353 2554 Qui
372 2477 494 2558 legeret
512 2499 622 2553 rarus,
644 2478 765 2560 quique
784 2488 924 2551 teneret,
949 2462 1028 2539 erat..

213 2573 268 2639 Ille
292 2596 362 2638 suas
383 2576 488 2655 patriae
508 2579 634 2653 laudes,
656 2591 751 2659 atque
771 2587 860 2639 eruta
879 2577 993 2656 passim

290 2677 426 2742 Nomina
444 2676 539 2758 dignu
560 2679 642 2759 legi,
661 2678 739 2752 fecit
757 2676 877 2759 ubique
898 2678 971 2756 legi.

213 2777 241 2836 E
263 2775 377 2856 quibus
398 2798 480 2841 unus
505 2777 555 2838 hic
575 2790 640 2852 est,
661 2800 756 2859 quem
775 2776 925 2843 condidit.
938 2777 1005 2855 ipsa
1025 2775 1184 2849 Libellus,

291 2876 354 2936 Sed
375 2896 440 2938 non
461 2876 606 2954 auspiciis
626 2877 724 2939 edidit
744 2878 811 2956 ipse
831 2876 906 2946 suis.

215 2975 359 3054 Namque
380 2974 542 3041 immatura
560 2989 733 3057 prereptus
753 2989 872 3050 morte,
893 2975 1035 3056 reliquita

290 3077 385 3139 Hunc
407 3097 555 3158 quoque,
576 3099 635 3148 ceu
655 3092 778 3159 partem
797 3077 918 3141 funeris
941 3097 1010 3138 esse
1029 3073 1089 3140 sui·

217 3175 255 3236 ln
275 3198 340 3258 quo
360 3176 386 3239 si
409 3197 472 3260 qua
490 3179 594 3260 leges,
614 3200 680 3241 non
700 3178 802 3262 qrralia
821 3164 906 3247 ferte
925 3175 1086 3258 requiras,
1150 3255 1152 3269 μ

290 3278 385 3339 Parte
406 3278 489 3339 bona
509 3279 651 3353 veniant,
674 3300 739 3361 quo
761 3289 939 3350 merentur,
963 3274 1069 3337 habet.

193 3375 368 3438 'Condidit
388 3379 567 3453 Huttenus,
587 3401 653 3440 non
675 3378 791 3449 edidit,
812 3398 890 3456 ergo
914 3376 1057 3436 futurum

295 3478 391 3553 Quod
409 3477 528 3550 suern,
549 3480 659 3542 melius
679 3476 821 3554 conjice,
843 3473 996 3559 quicquid
1016 3486 1093 3543 erat.

159 3572 161 3585 ¹
219 3573 314 3635 Hunc
334 3573 391 3633 tibi
410 3575 596 3651 Mauritius,
618 3577 725 3660 gentili
745 3578 904 3636 Huttenus
923 3575 1040 3636 honori

293 3672 411 3748 Fidus,
439 3675 478 3735 ab
499 3677 619 3736 aeternis
641 3677 786 3743 noctibus
807 3675 954 3744 adseruit.

120 3772 122 3775 ’
219 3774 280 3836 Hic
299 3775 387 3834 ferus
406 3779 591 3844 Ammius,
612 3779 718 3854 patriis
739 3777 794 3860 qui
810 3775 913 3838 victor
931 3776 964 3843 in
984 3775 1076 3845 armis
1161 3771 1163 3773 ¹

290 3873 422 3950 Atlflixit
443 3875 542 3950 vires,
563 3875 680 3951 Martia
704 3879 823 3953 Roma,
844 3879 932 3947 tunsi
