<?xml version="1.0" encoding="UTF-8"?>
<!DOCTYPE html PUBLIC "-//W3C//DTD XHTML 1.0 Transitional//EN"
    "http://www.w3.org/TR/xhtml1/DTD/xhtml1-transitional.dtd">
<html xmlns="http://www.w3.org/1999/xhtml" xml:lang="en" lang="en">
 <head>
  <title>
</title>
<meta http-equiv="Content-Type" content="text/html;charset=utf-8" />
  <meta name='ocr-system' content='tesseract 3.04.00' />
  <meta name='ocr-capabilities' content='ocr_page ocr_carea ocr_par ocr_line ocrx_word'/>
</head>
<body>
  <div class='ocr_page' id='page_1' title='image "./ulrichiabhutten01mngoog_0154.png"; bbox 0 0 2640 4634; ppageno 0'>
   <div class='ocr_carea' id='block_1_1' title="bbox 202 351 843 442">
    <p class='ocr_par' dir='ltr' id='par_1_1' title="bbox 202 351 843 442">
     <span class='ocr_line' id='line_1_1' title="bbox 202 351 843 442; baseline -0.008 -16"><span class='ocrx_word' id='word_1_1' title='bbox 202 362 249 427; x_wconf 87' lang='lat' dir='ltr'>5o</span> <span class='ocrx_word' id='word_1_2' title='bbox 568 351 715 442; x_wconf 84' lang='lat' dir='ltr'>Querel.</span> <span class='ocrx_word' id='word_1_3' title='bbox 755 353 775 423; x_wconf 86' lang='lat' dir='ltr'>l.</span> <span class='ocrx_word' id='word_1_4' title='bbox 800 353 843 422; x_wconf 89' lang='lat' dir='ltr'>H.</span> 
     </span>
    </p>
   </div>
   <div class='ocr_carea' id='block_1_2' title="bbox 199 545 1021 892">
    <p class='ocr_par' dir='ltr' id='par_1_2' title="bbox 201 545 1021 708">
     <span class='ocr_line' id='line_1_2' title="bbox 201 545 1021 615; baseline -0.005 -13"><span class='ocrx_word' id='word_1_5' title='bbox 201 548 264 602; x_wconf 82' lang='lat' dir='ltr'>Vos</span> <span class='ocrx_word' id='word_1_6' title='bbox 284 547 389 615; x_wconf 85' lang='lat' dir='ltr'>igitur,</span> <span class='ocrx_word' id='word_1_7' title='bbox 415 546 560 613; x_wconf 51' lang='lat' dir='ltr'>juvenem·</span> <span class='ocrx_word' id='word_1_8' title='bbox 589 561 710 598; x_wconf 90' lang='lat' dir='ltr'>mecum</span> <span class='ocrx_word' id='word_1_9' title='bbox 729 545 903 598; x_wconf 83' lang='lat' dir='ltr'>florentibus</span> <span class='ocrx_word' id='word_1_10' title='bbox 922 545 1021 610; x_wconf 84' lang='lat' dir='ltr'>annis,</span> 
     </span>
     <span class='ocr_line' id='line_1_3' title="bbox 269 637 921 708; baseline -0.005 -16"><span class='ocrx_word' id='word_1_11' title='bbox 269 641 296 693; x_wconf 90' lang='lat' dir='ltr'>Si</span> <span class='ocrx_word' id='word_1_12' title='bbox 315 639 433 708; x_wconf 83' lang='lat' dir='ltr'>sapitis,</span> <span class='ocrx_word' id='word_1_13' title='bbox 465 656 550 691; x_wconf 83' lang='lat' dir='ltr'>veras</span> <span class='ocrx_word' id='word_1_14' title='bbox 571 638 681 707; x_wconf 77' lang='lat' dir='ltr'>carpite</span> <span class='ocrx_word' id='word_1_15' title='bbox 700 637 808 690; x_wconf 67' lang='lat' dir='ltr'>mentia</span> <span class='ocrx_word' id='word_1_16' title='bbox 829 654 921 706; x_wconf 85' lang='lat' dir='ltr'>opes,</span> 
     </span>
    </p>

    <p class='ocr_par' dir='ltr' id='par_1_3' title="bbox 199 729 1007 892">
     <span class='ocr_line' id='line_1_4' title="bbox 199 729 1007 800; baseline -0.004 -13"><span class='ocrx_word' id='word_1_17' title='bbox 199 732 268 788; x_wconf 90' lang='lat' dir='ltr'>Nec</span> <span class='ocrx_word' id='word_1_18' title='bbox 286 735 361 800; x_wconf 87' lang='lat' dir='ltr'>legat</span> <span class='ocrx_word' id='word_1_19' title='bbox 381 732 409 783; x_wconf 91' lang='lat' dir='ltr'>in</span> <span class='ocrx_word' id='word_1_20' title='bbox 428 730 515 784; x_wconf 81' lang='lat' dir='ltr'>vobis</span> <span class='ocrx_word' id='word_1_21' title='bbox 534 730 716 783; x_wconf 83' lang='lat' dir='ltr'>crescenteis</span> <span class='ocrx_word' id='word_1_22' title='bbox 737 729 862 782; x_wconf 84' lang='lat' dir='ltr'>Lossius</span> <span class='ocrx_word' id='word_1_23' title='bbox 881 746 1007 794; x_wconf 77' lang='lat' dir='ltr'>annor,-</span> 
     </span>
     <span class='ocr_line' id='line_1_5' title="bbox 266 822 871 892; baseline 0 -16"><span class='ocrx_word' id='word_1_24' title='bbox 266 824 371 880; x_wconf 87' lang='lat' dir='ltr'>Utilius</span> <span class='ocrx_word' id='word_1_25' title='bbox 392 824 494 883; x_wconf 83' lang='lat' dir='ltr'>studiis</span> <span class='ocrx_word' id='word_1_26' title='bbox 514 824 639 877; x_wconf 86' lang='lat' dir='ltr'>consule</span> <span class='ocrx_word' id='word_1_27' title='bbox 659 822 784 892; x_wconf 82' lang='lat' dir='ltr'>quisque</span> <span class='ocrx_word' id='word_1_28' title='bbox 803 822 871 876; x_wconf 86' lang='lat' dir='ltr'>tuis.</span> 
     </span>
    </p>
   </div>
   <div class='ocr_carea' id='block_1_3' title="bbox 535 1040 880 1072">
    <p class='ocr_par' dir='ltr' id='par_1_4' title="bbox 535 1040 880 1072">
     <span class='ocr_line' id='line_1_6' title="bbox 535 1040 880 1072; baseline -0.003 -20"><span class='ocrx_word' id='word_1_29' title='bbox 535 1040 880 1072; x_wconf 43' lang='lat' dir='ltr'>*nu-*ur*</span> 
     </span>
    </p>
   </div>
   <div class='ocr_carea' id='block_1_4' title="bbox 496 1201 920 1317">
    <p class='ocr_par' dir='ltr' id='par_1_5' title="bbox 496 1201 920 1317">
     <span class='ocr_line' id='line_1_7' title="bbox 496 1201 920 1317; baseline -0.005 -27"><span class='ocrx_word' id='word_1_30' title='bbox 496 1203 783 1317; x_wconf 82' lang='lat' dir='ltr'>Elegia</span> <span class='ocrx_word' id='word_1_31' title='bbox 844 1201 920 1291; x_wconf 84' lang='lat' dir='ltr'>IV.</span> 
     </span>
    </p>
   </div>
   <div class='ocr_carea' id='block_1_5' title="bbox 278 1381 1128 1480">
    <p class='ocr_par' dir='ltr' id='par_1_6' title="bbox 278 1381 1128 1480">
     <span class='ocr_line' id='line_1_8' title="bbox 278 1381 1128 1480; baseline -0.001 -25"><span class='ocrx_word' id='word_1_32' title='bbox 278 1384 333 1456; x_wconf 83' lang='lat' dir='ltr'>Ad</span> <span class='ocrx_word' id='word_1_33' title='bbox 364 1384 566 1480; x_wconf 83' lang='lat' dir='ltr'>Egbertum</span> <span class='ocrx_word' id='word_1_34' title='bbox 598 1382 768 1470; x_wconf 80' lang='lat' dir='ltr'>Heriem,</span> <span class='ocrx_word' id='word_1_35' title='bbox 816 1381 997 1478; x_wconf 80' lang='lat' dir='ltr'>hospitem</span> <span class='ocrx_word' id='word_1_36' title='bbox 1029 1408 1128 1454; x_wconf 83' lang='lat' dir='ltr'>suum</span> 
     </span>
    </p>
   </div>
   <div class='ocr_carea' id='block_1_6' title="bbox 500 1516 852 1590">
    <p class='ocr_par' dir='ltr' id='par_1_7' title="bbox 500 1516 852 1590">
     <span class='ocr_line' id='line_1_9' title="bbox 500 1516 852 1590; baseline -0.003 -2"><span class='ocrx_word' id='word_1_37' title='bbox 500 1551 507 1562; x_wconf 75' lang='lat'><em>,</em></span> <span class='ocrx_word' id='word_1_38' title='bbox 542 1516 852 1590; x_wconf 78' lang='lat' dir='ltr'>Rostoehiensem.</span> 
     </span>
    </p>
   </div>
   <div class='ocr_carea' id='block_1_7' title="bbox 191 1808 1211 4023">
    <p class='ocr_par' dir='ltr' id='par_1_8' title="bbox 198 1808 1109 2001">
     <span class='ocr_line' id='line_1_10' title="bbox 198 1808 1007 1910; baseline 0.005 -18"><span class='ocrx_word' id='word_1_39' title='bbox 198 1808 305 1898; x_wconf 78' lang='lat' dir='ltr'>Ardet</span> <span class='ocrx_word' id='word_1_40' title='bbox 329 1841 356 1893; x_wconf 88' lang='lat' dir='ltr'>iu</span> <span class='ocrx_word' id='word_1_41' title='bbox 371 1826 540 1894; x_wconf 86' lang='lat' dir='ltr'>¹Ecbertum</span> <span class='ocrx_word' id='word_1_42' title='bbox 568 1841 663 1894; x_wconf 87' lang='lat' dir='ltr'>calido</span> <span class='ocrx_word' id='word_1_43' title='bbox 688 1858 755 1893; x_wconf 89' lang='lat' dir='ltr'>mea</span> <span class='ocrx_word' id='word_1_44' title='bbox 773 1840 865 1894; x_wconf 81' lang='lat' dir='ltr'>Musa</span> <span class='ocrx_word' id='word_1_45' title='bbox 885 1844 1007 1910; x_wconf 73' lang='lat' dir='ltr'>favore,</span> 
     </span>
     <span class='ocr_line' id='line_1_11' title="bbox 266 1931 1109 2001; baseline 0 -16"><span class='ocrx_word' id='word_1_46' title='bbox 266 1935 352 1986; x_wconf 90' lang='lat' dir='ltr'>Hunc</span> <span class='ocrx_word' id='word_1_47' title='bbox 378 1934 473 1984; x_wconf 85' lang='lat' dir='ltr'>solum</span> <span class='ocrx_word' id='word_1_48' title='bbox 498 1940 564 1984; x_wconf 89' lang='lat' dir='ltr'>ante</span> <span class='ocrx_word' id='word_1_49' title='bbox 590 1931 698 1983; x_wconf 86' lang='lat' dir='ltr'>oculos</span> <span class='ocrx_word' id='word_1_50' title='bbox 725 1932 808 2000; x_wconf 87' lang='lat' dir='ltr'>ponit</span> <span class='ocrx_word' id='word_1_51' title='bbox 832 1933 982 2001; x_wconf 80' lang='lat' dir='ltr'>habetque</span> <span class='ocrx_word' id='word_1_52' title='bbox 1003 1933 1109 1986; x_wconf 89' lang='lat' dir='ltr'>virum.</span> 
     </span>
    </p>

    <p class='ocr_par' dir='ltr' id='par_1_9' title="bbox 197 2024 1116 2185">
     <span class='ocr_line' id='line_1_12' title="bbox 197 2024 1073 2091; baseline -0.002 -12"><span class='ocrx_word' id='word_1_53' title='bbox 197 2026 247 2080; x_wconf 88' lang='lat' dir='ltr'>Ex</span> <span class='ocrx_word' id='word_1_54' title='bbox 265 2026 372 2077; x_wconf 88' lang='lat' dir='ltr'>merito</span> <span class='ocrx_word' id='word_1_55' title='bbox 401 2025 481 2076; x_wconf 87' lang='lat' dir='ltr'>venit</span> <span class='ocrx_word' id='word_1_56' title='bbox 509 2024 606 2076; x_wconf 85' lang='lat' dir='ltr'>omnis</span> <span class='ocrx_word' id='word_1_57' title='bbox 634 2039 738 2088; x_wconf 85' lang='lat' dir='ltr'>amor,</span> <span class='ocrx_word' id='word_1_58' title='bbox 767 2025 913 2077; x_wconf 87' lang='lat' dir='ltr'>meruisse</span> <span class='ocrx_word' id='word_1_59' title='bbox 932 2027 1073 2091; x_wconf 87' lang='lat' dir='ltr'>fatemur,</span> 
     </span>
     <span class='ocr_line' id='line_1_13' title="bbox 265 2115 1116 2185; baseline 0 -16"><span class='ocrx_word' id='word_1_60' title='bbox 265 2117 303 2170; x_wconf 91' lang='lat' dir='ltr'>Et</span> <span class='ocrx_word' id='word_1_61' title='bbox 322 2118 407 2168; x_wconf 89' lang='lat' dir='ltr'>decet</span> <span class='ocrx_word' id='word_1_62' title='bbox 426 2125 549 2184; x_wconf 87' lang='lat' dir='ltr'>accepto</span> <span class='ocrx_word' id='word_1_63' title='bbox 570 2115 697 2167; x_wconf 83' lang='lat' dir='ltr'>reddere</span> <span class='ocrx_word' id='word_1_64' title='bbox 716 2132 865 2185; x_wconf 87' lang='lat' dir='ltr'>quemque</span> <span class='ocrx_word' id='word_1_65' title='bbox 884 2116 979 2171; x_wconf 90' lang='lat' dir='ltr'>bono.</span> <span class='ocrx_word' id='word_1_66' title='bbox 1042 2162 1052 2175; x_wconf 46' lang='lat' dir='ltr'><strong><em>s</em></strong></span> <span class='ocrx_word' id='word_1_67' title='bbox 1096 2126 1116 2156; x_wconf 82' lang='grc'>-’</span> 
     </span>
    </p>

    <p class='ocr_par' dir='ltr' id='par_1_10' title="bbox 199 2207 1211 2370">
     <span class='ocr_line' id='line_1_14' title="bbox 199 2207 1211 2282; baseline 0.003 -21"><span class='ocrx_word' id='word_1_68' title='bbox 199 2209 290 2282; x_wconf 77' lang='lat' dir='ltr'>Quod</span> <span class='ocrx_word' id='word_1_69' title='bbox 309 2218 391 2278; x_wconf 86' lang='lat' dir='ltr'>pater</span> <span class='ocrx_word' id='word_1_70' title='bbox 409 2220 453 2261; x_wconf 86' lang='lat' dir='ltr'>est</span> <span class='ocrx_word' id='word_1_71' title='bbox 472 2207 563 2273; x_wconf 87' lang='lat' dir='ltr'>mihi,</span> <span class='ocrx_word' id='word_1_72' title='bbox 588 2207 669 2276; x_wconf 90' lang='lat' dir='ltr'>quod</span> <span class='ocrx_word' id='word_1_73' title='bbox 687 2207 836 2273; x_wconf 76' lang='lat' dir='ltr'>genitrix,</span> <span class='ocrx_word' id='word_1_74' title='bbox 855 2209 935 2278; x_wconf 93' lang='lat' dir='ltr'>quod</span> <span class='ocrx_word' id='word_1_75' title='bbox 951 2208 1038 2262; x_wconf 92' lang='lat' dir='ltr'>turba</span> <span class='ocrx_word' id='word_1_76' title='bbox 1055 2225 1211 2279; x_wconf 88' lang='lat' dir='ltr'>sororum,</span> 
     </span>
     <span class='ocr_line' id='line_1_15' title="bbox 269 2299 988 2370; baseline -0.003 -16"><span class='ocrx_word' id='word_1_77' title='bbox 269 2301 304 2354; x_wconf 83' lang='lat' dir='ltr'>Et</span> <span class='ocrx_word' id='word_1_78' title='bbox 323 2311 463 2370; x_wconf 88' lang='lat' dir='ltr'>quantum</span> <span class='ocrx_word' id='word_1_79' title='bbox 484 2299 510 2351; x_wconf 90' lang='lat' dir='ltr'>in</span> <span class='ocrx_word' id='word_1_80' title='bbox 531 2300 619 2352; x_wconf 89' lang='lat' dir='ltr'>nobis</span> <span class='ocrx_word' id='word_1_81' title='bbox 642 2299 733 2350; x_wconf 88' lang='lat' dir='ltr'>frater</span> <span class='ocrx_word' id='word_1_82' title='bbox 752 2300 862 2353; x_wconf 85' lang='lat' dir='ltr'>amoris</span> <span class='ocrx_word' id='word_1_83' title='bbox 880 2300 988 2367; x_wconf 84' lang='lat' dir='ltr'>habet,</span> 
     </span>
    </p>

    <p class='ocr_par' dir='ltr' id='par_1_11' title="bbox 198 2380 997 2558">
     <span class='ocr_line' id='line_1_16' title="bbox 198 2380 938 2463; baseline -0.004 -15"><span class='ocrx_word' id='word_1_84' title='bbox 198 2394 334 2463; x_wconf 81' lang='lat' dir='ltr'>Deposui</span> <span class='ocrx_word' id='word_1_85' title='bbox 354 2404 470 2458; x_wconf 84' lang='lat' dir='ltr'>tecum,</span> <span class='ocrx_word' id='word_1_86' title='bbox 488 2391 540 2444; x_wconf 90' lang='lat' dir='ltr'>tibi</span> <span class='ocrx_word' id='word_1_87' title='bbox 559 2409 607 2444; x_wconf 89' lang='lat' dir='ltr'>me</span> <span class='ocrx_word' id='word_1_88' title='bbox 627 2392 776 2460; x_wconf 79' lang='lat' dir='ltr'>votique,</span> <span class='ocrx_word' id='word_1_89' title='bbox 795 2380 938 2461; x_wconf 86' lang='lat' dir='ltr'>dedique,</span> 
     </span>
     <span class='ocr_line' id='line_1_17' title="bbox 268 2484 997 2558; baseline 0.003 -22"><span class='ocrx_word' id='word_1_90' title='bbox 268 2486 418 2558; x_wconf 73' lang='lat' dir='ltr'>Quidquid</span> <span class='ocrx_word' id='word_1_91' title='bbox 436 2500 505 2536; x_wconf 86' lang='lat' dir='ltr'>aves</span> <span class='ocrx_word' id='word_1_92' title='bbox 525 2484 560 2536; x_wconf 93' lang='lat' dir='ltr'>de</span> <span class='ocrx_word' id='word_1_93' title='bbox 578 2501 646 2550; x_wconf 85' lang='lat' dir='ltr'>me,</span> <span class='ocrx_word' id='word_1_94' title='bbox 676 2501 795 2537; x_wconf 90' lang='lat' dir='ltr'>sumere</span> <span class='ocrx_word' id='word_1_95' title='bbox 812 2485 882 2551; x_wconf 88' lang='lat' dir='ltr'>jure</span> <span class='ocrx_word' id='word_1_96' title='bbox 900 2493 997 2554; x_wconf 75' lang='lat' dir='ltr'>poteS.</span> 
     </span>
    </p>

    <p class='ocr_par' dir='ltr' id='par_1_12' title="bbox 199 2576 1093 2743">
     <span class='ocr_line' id='line_1_18' title="bbox 199 2576 1093 2647; baseline 0 -15"><span class='ocrx_word' id='word_1_97' title='bbox 199 2579 353 2647; x_wconf 71' lang='lat' dir='ltr'>Principe,</span> <span class='ocrx_word' id='word_1_98' title='bbox 384 2593 457 2630; x_wconf 85' lang='lat' dir='ltr'>mox</span> <span class='ocrx_word' id='word_1_99' title='bbox 474 2593 529 2645; x_wconf 93' lang='lat' dir='ltr'>pro</span> <span class='ocrx_word' id='word_1_100' title='bbox 549 2589 577 2628; x_wconf 89' lang='lat' dir='ltr'>te</span> <span class='ocrx_word' id='word_1_101' title='bbox 596 2577 711 2629; x_wconf 84' lang='lat' dir='ltr'>medios</span> <span class='ocrx_word' id='word_1_102' title='bbox 733 2576 908 2646; x_wconf 83' lang='lat' dir='ltr'>proficiscar</span> <span class='ocrx_word' id='word_1_103' title='bbox 927 2581 956 2632; x_wconf 89' lang='lat' dir='ltr'>in</span> <span class='ocrx_word' id='word_1_104' title='bbox 975 2579 1093 2644; x_wconf 80' lang='lat' dir='ltr'>hostes,</span> 
     </span>
     <span class='ocr_line' id='line_1_19' title="bbox 267 2671 950 2743; baseline 0.004 -22"><span class='ocrx_word' id='word_1_105' title='bbox 267 2674 341 2743; x_wconf 77' lang='lat' dir='ltr'>Quae</span> <span class='ocrx_word' id='word_1_106' title='bbox 362 2679 464 2740; x_wconf 83' lang='lat' dir='ltr'>posset</span> <span class='ocrx_word' id='word_1_107' title='bbox 481 2680 598 2722; x_wconf 80' lang='lat' dir='ltr'>nostras</span> <span class='ocrx_word' id='word_1_108' title='bbox 621 2671 705 2739; x_wconf 87' lang='lat' dir='ltr'>copia</span> <span class='ocrx_word' id='word_1_109' title='bbox 726 2671 805 2720; x_wconf 85' lang='lat' dir='ltr'>ferre</span> <span class='ocrx_word' id='word_1_110' title='bbox 825 2686 950 2724; x_wconf 86' lang='lat' dir='ltr'>manus:</span> 
     </span>
    </p>

    <p class='ocr_par' dir='ltr' id='par_1_13' title="bbox 198 2761 1074 2922">
     <span class='ocr_line' id='line_1_20' title="bbox 198 2761 1074 2831; baseline -0.002 -13"><span class='ocrx_word' id='word_1_111' title='bbox 198 2764 353 2831; x_wconf 81' lang='lat' dir='ltr'>Praecipe,</span> <span class='ocrx_word' id='word_1_112' title='bbox 381 2763 427 2816; x_wconf 89' lang='lat' dir='ltr'>vel</span> <span class='ocrx_word' id='word_1_113' title='bbox 447 2763 571 2828; x_wconf 78' lang='lat' dir='ltr'>fluctuo,</span> <span class='ocrx_word' id='word_1_114' title='bbox 590 2763 637 2814; x_wconf 91' lang='lat' dir='ltr'>vel</span> <span class='ocrx_word' id='word_1_115' title='bbox 660 2778 724 2813; x_wconf 86' lang='lat' dir='ltr'>eam</span> <span class='ocrx_word' id='word_1_116' title='bbox 743 2761 905 2813; x_wconf 85' lang='lat' dir='ltr'>moriturus</span> <span class='ocrx_word' id='word_1_117' title='bbox 928 2763 955 2814; x_wconf 90' lang='lat' dir='ltr'>in</span> <span class='ocrx_word' id='word_1_118' title='bbox 976 2763 1074 2831; x_wconf 80' lang='lat' dir='ltr'>ignes,</span> 
     </span>
     <span class='ocr_line' id='line_1_21' title="bbox 267 2853 1025 2922; baseline 0 -14"><span class='ocrx_word' id='word_1_119' title='bbox 267 2856 355 2908; x_wconf 80' lang='lat' dir='ltr'>Nulla</span> <span class='ocrx_word' id='word_1_120' title='bbox 374 2872 459 2906; x_wconf 83' lang='lat' dir='ltr'>mora</span> <span class='ocrx_word' id='word_1_121' title='bbox 479 2866 542 2919; x_wconf 85' lang='lat' dir='ltr'>est,</span> <span class='ocrx_word' id='word_1_122' title='bbox 575 2871 629 2922; x_wconf 89' lang='lat' dir='ltr'>pro</span> <span class='ocrx_word' id='word_1_123' title='bbox 649 2866 677 2906; x_wconf 90' lang='lat' dir='ltr'>te</span> <span class='ocrx_word' id='word_1_124' title='bbox 700 2866 804 2906; x_wconf 86' lang='lat' dir='ltr'>cuncta</span> <span class='ocrx_word' id='word_1_125' title='bbox 823 2853 925 2905; x_wconf 80' lang='lat' dir='ltr'>subire</span> <span class='ocrx_word' id='word_1_126' title='bbox 944 2856 1025 2908; x_wconf 87' lang='lat' dir='ltr'>libet.</span> 
     </span>
    </p>

    <p class='ocr_par' dir='ltr' id='par_1_14' title="bbox 198 2946 1208 3107">
     <span class='ocr_line' id='line_1_22' title="bbox 198 2946 1208 3018; baseline 0.002 -19"><span class='ocrx_word' id='word_1_127' title='bbox 198 2947 270 3009; x_wconf 66' lang='lat' dir='ltr'>Non</span> <span class='ocrx_word' id='word_1_128' title='bbox 294 2956 392 2998; x_wconf 87' lang='lat' dir='ltr'>tamen</span> <span class='ocrx_word' id='word_1_129' title='bbox 420 2946 473 2998; x_wconf 79' lang='lat' dir='ltr'>istu</span> <span class='ocrx_word' id='word_1_130' title='bbox 497 2946 609 3013; x_wconf 69' lang='lat' dir='ltr'>jubeo,</span> <span class='ocrx_word' id='word_1_131' title='bbox 646 2947 749 2999; x_wconf 85' lang='lat' dir='ltr'>saltem</span> <span class='ocrx_word' id='word_1_132' title='bbox 774 2961 942 2998; x_wconf 86' lang='lat' dir='ltr'>memorem</span> <span class='ocrx_word' id='word_1_133' title='bbox 971 2964 1036 3000; x_wconf 86' lang='lat' dir='ltr'>esse</span> <span class='ocrx_word' id='word_1_134' title='bbox 1062 2949 1208 3018; x_wconf 82' lang='lat' dir='ltr'>placebit,</span> 
     </span>
     <span class='ocr_line' id='line_1_23' title="bbox 266 3037 908 3107; baseline -0.003 -16"><span class='ocrx_word' id='word_1_135' title='bbox 266 3039 379 3092; x_wconf 81' lang='lat' dir='ltr'>Forsan</span> <span class='ocrx_word' id='word_1_136' title='bbox 399 3050 426 3091; x_wconf 94' lang='lat' dir='ltr'>et</span> <span class='ocrx_word' id='word_1_137' title='bbox 445 3039 508 3090; x_wconf 83' lang='lat' dir='ltr'>haec</span> <span class='ocrx_word' id='word_1_138' title='bbox 526 3038 618 3107; x_wconf 86' lang='lat' dir='ltr'>pietas</span> <span class='ocrx_word' id='word_1_139' title='bbox 639 3037 745 3090; x_wconf 85' lang='lat' dir='ltr'>sufficit</span> <span class='ocrx_word' id='word_1_140' title='bbox 763 3053 819 3088; x_wconf 89' lang='lat' dir='ltr'>una</span> <span class='ocrx_word' id='word_1_141' title='bbox 844 3037 908 3089; x_wconf 89' lang='lat' dir='ltr'>tibi.</span> 
     </span>
    </p>

    <p class='ocr_par' dir='ltr' id='par_1_15' title="bbox 196 3129 1028 3294">
     <span class='ocr_line' id='line_1_24' title="bbox 196 3129 1028 3200; baseline -0.002 -14"><span class='ocrx_word' id='word_1_142' title='bbox 196 3132 279 3186; x_wconf 91' lang='lat' dir='ltr'>Dum</span> <span class='ocrx_word' id='word_1_143' title='bbox 298 3132 354 3183; x_wconf 91' lang='lat' dir='ltr'>ruit</span> <span class='ocrx_word' id='word_1_144' title='bbox 373 3131 513 3184; x_wconf 84' lang='lat' dir='ltr'>occiduas</span> <span class='ocrx_word' id='word_1_145' title='bbox 535 3129 705 3184; x_wconf 81' lang='lat' dir='ltr'>Germanus</span> <span class='ocrx_word' id='word_1_146' title='bbox 726 3129 847 3182; x_wconf 83' lang='lat' dir='ltr'>Rhenus</span> <span class='ocrx_word' id='word_1_147' title='bbox 869 3129 898 3180; x_wconf 88' lang='lat' dir='ltr'>in</span> <span class='ocrx_word' id='word_1_148' title='bbox 916 3131 1028 3200; x_wconf 74' lang='lat' dir='ltr'>undae,</span> 
     </span>
     <span class='ocr_line' id='line_1_25' title="bbox 262 3222 975 3294; baseline 0.003 -17"><span class='ocrx_word' id='word_1_149' title='bbox 262 3225 346 3277; x_wconf 90' lang='lat' dir='ltr'>Dum</span> <span class='ocrx_word' id='word_1_150' title='bbox 365 3224 434 3294; x_wconf 88' lang='lat' dir='ltr'>petit</span> <span class='ocrx_word' id='word_1_151' title='bbox 453 3222 584 3275; x_wconf 80' lang='lat' dir='ltr'>Euxinas</span> <span class='ocrx_word' id='word_1_152' title='bbox 607 3223 750 3276; x_wconf 85' lang='lat' dir='ltr'>Ponticus</span> <span class='ocrx_word' id='word_1_153' title='bbox 770 3223 847 3275; x_wconf 86' lang='lat' dir='ltr'>lster</span> <span class='ocrx_word' id='word_1_154' title='bbox 865 3239 955 3291; x_wconf 86' lang='lat' dir='ltr'>aquas</span> <span class='ocrx_word' id='word_1_155' title='bbox 966 3262 975 3290; x_wconf 86' lang='lat'>‚</span> 
     </span>
    </p>

    <p class='ocr_par' dir='ltr' id='par_1_16' title="bbox 194 3314 1065 3477">
     <span class='ocr_line' id='line_1_26' title="bbox 194 3314 1065 3380; baseline -0.003 -11"><span class='ocrx_word' id='word_1_156' title='bbox 194 3318 277 3371; x_wconf 92' lang='lat' dir='ltr'>Dum</span> <span class='ocrx_word' id='word_1_157' title='bbox 296 3335 377 3369; x_wconf 89' lang='lat' dir='ltr'>mare</span> <span class='ocrx_word' id='word_1_158' title='bbox 396 3327 441 3369; x_wconf 85' lang='lat' dir='ltr'>tot</span> <span class='ocrx_word' id='word_1_159' title='bbox 461 3327 576 3380; x_wconf 82' lang='lat' dir='ltr'>terras,</span> <span class='ocrx_word' id='word_1_160' title='bbox 611 3315 680 3366; x_wconf 88' lang='lat' dir='ltr'>dum</span> <span class='ocrx_word' id='word_1_161' title='bbox 704 3314 813 3366; x_wconf 81' lang='lat' dir='ltr'>coelum</span> <span class='ocrx_word' id='word_1_162' title='bbox 833 3314 939 3367; x_wconf 86' lang='lat' dir='ltr'>circuit</span> <span class='ocrx_word' id='word_1_163' title='bbox 956 3315 1065 3379; x_wconf 76' lang='lat' dir='ltr'>undaS,</span> 
     </span>
     <span class='ocr_line' id='line_1_27' title="bbox 265 3405 870 3477; baseline -0.007 -15"><span class='ocrx_word' id='word_1_164' title='bbox 265 3411 389 3477; x_wconf 15' lang='lat' dir='ltr'>Semper&gt;</span> <span class='ocrx_word' id='word_1_165' title='bbox 407 3409 464 3461; x_wconf 85' lang='lat' dir='ltr'>eris</span> <span class='ocrx_word' id='word_1_166' title='bbox 483 3407 573 3460; x_wconf 86' lang='lat' dir='ltr'>menti</span> <span class='ocrx_word' id='word_1_167' title='bbox 593 3406 692 3475; x_wconf 88' lang='lat' dir='ltr'>portio</span> <span class='ocrx_word' id='word_1_168' title='bbox 713 3405 767 3458; x_wconf 87' lang='lat' dir='ltr'>fida</span> <span class='ocrx_word' id='word_1_169' title='bbox 785 3422 870 3459; x_wconf 85' lang='lat' dir='ltr'>meae.</span> 
     </span>
    </p>

    <p class='ocr_par' dir='ltr' id='par_1_17' title="bbox 196 3497 963 3662">
     <span class='ocr_line' id='line_1_28' title="bbox 196 3497 963 3566; baseline -0.003 -14"><span class='ocrx_word' id='word_1_170' title='bbox 196 3500 323 3566; x_wconf 82' lang='lat' dir='ltr'>Contigit</span> <span class='ocrx_word' id='word_1_171' title='bbox 341 3502 400 3552; x_wconf 91' lang='lat' dir='ltr'>huc</span> <span class='ocrx_word' id='word_1_172' title='bbox 420 3503 532 3554; x_wconf 89' lang='lat' dir='ltr'>nudum</span> <span class='ocrx_word' id='word_1_173' title='bbox 551 3499 667 3550; x_wconf 80' lang='lat' dir='ltr'>amissis</span> <span class='ocrx_word' id='word_1_174' title='bbox 687 3498 833 3549; x_wconf 83' lang='lat' dir='ltr'>divertere</span> <span class='ocrx_word' id='word_1_175' title='bbox 854 3497 963 3564; x_wconf 77' lang='lat' dir='ltr'>rebu5‚</span> 
     </span>
     <span class='ocr_line' id='line_1_29' title="bbox 264 3588 945 3662; baseline -0.004 -20"><span class='ocrx_word' id='word_1_176' title='bbox 264 3593 413 3662; x_wconf 78' lang='lat' dir='ltr'>Quartana</span> <span class='ocrx_word' id='word_1_177' title='bbox 433 3608 570 3661; x_wconf 83' lang='lat' dir='ltr'>pressum</span> <span class='ocrx_word' id='word_1_178' title='bbox 589 3592 712 3643; x_wconf 84' lang='lat' dir='ltr'>vulnere</span> <span class='ocrx_word' id='word_1_179' title='bbox 731 3589 830 3642; x_wconf 87' lang='lat' dir='ltr'>hiante</span> <span class='ocrx_word' id='word_1_180' title='bbox 850 3588 945 3655; x_wconf 86' lang='lat' dir='ltr'>febri,</span> 
     </span>
    </p>

    <p class='ocr_par' dir='ltr' id='par_1_18' title="bbox 193 3680 1124 3828">
     <span class='ocr_line' id='line_1_30' title="bbox 193 3680 1124 3752; baseline -0.005 -14"><span class='ocrx_word' id='word_1_181' title='bbox 193 3683 344 3752; x_wconf 66' lang='lat' dir='ltr'>Suscipie,</span> <span class='ocrx_word' id='word_1_182' title='bbox 378 3685 433 3750; x_wconf 84' lang='lat' dir='ltr'>ah,</span> <span class='ocrx_word' id='word_1_183' title='bbox 465 3684 629 3748; x_wconf 80' lang='lat' dir='ltr'>miserum,</span> <span class='ocrx_word' id='word_1_184' title='bbox 662 3681 798 3750; x_wconf 82' lang='lat' dir='ltr'>votisque</span> <span class='ocrx_word' id='word_1_185' title='bbox 821 3680 951 3733; x_wconf 86' lang='lat' dir='ltr'>accersis</span> <span class='ocrx_word' id='word_1_186' title='bbox 972 3690 1104 3747; x_wconf 82' lang='lat' dir='ltr'>egentem</span> <span class='ocrx_word' id='word_1_187' title='bbox 1114 3699 1124 3748; x_wconf 69' lang='lat'>5</span> 
     </span>
     <span class='ocr_line' id='line_1_31' title="bbox 264 3774 912 3828; baseline -0.005 -1"><span class='ocrx_word' id='word_1_188' title='bbox 264 3774 310 3827; x_wconf 89' lang='lat' dir='ltr'>Dii</span> <span class='ocrx_word' id='word_1_189' title='bbox 330 3777 451 3828; x_wconf 88' lang='lat' dir='ltr'>reddant</span> <span class='ocrx_word' id='word_1_190' title='bbox 475 3774 577 3826; x_wconf 84' lang='lat' dir='ltr'>animae</span> <span class='ocrx_word' id='word_1_191' title='bbox 596 3791 720 3826; x_wconf 87' lang='lat' dir='ltr'>munera</span> <span class='ocrx_word' id='word_1_192' title='bbox 738 3782 815 3826; x_wconf 86' lang='lat' dir='ltr'>tanta</span> <span class='ocrx_word' id='word_1_193' title='bbox 834 3775 912 3824; x_wconf 87' lang='lat' dir='ltr'>tuae!</span> 
     </span>
    </p>

    <p class='ocr_par' dir='ltr' id='par_1_19' title="bbox 191 3863 1032 4023">
     <span class='ocr_line' id='line_1_32' title="bbox 191 3863 1032 3935; baseline -0.008 -14"><span class='ocrx_word' id='word_1_194' title='bbox 191 3867 275 3921; x_wconf 91' lang='lat' dir='ltr'>Pone</span> <span class='ocrx_word' id='word_1_195' title='bbox 295 3867 374 3919; x_wconf 80' lang='lat' dir='ltr'>leves</span> <span class='ocrx_word' id='word_1_196' title='bbox 396 3867 482 3934; x_wconf 81' lang='lat' dir='ltr'>igitur</span> <span class='ocrx_word' id='word_1_197' title='bbox 507 3866 627 3929; x_wconf 81' lang='lat' dir='ltr'>laudes,</span> <span class='ocrx_word' id='word_1_198' title='bbox 659 3865 859 3935; x_wconf 88' lang='lat' dir='ltr'>blandumque</span> <span class='ocrx_word' id='word_1_199' title='bbox 879 3863 1032 3928; x_wconf 88' lang='lat' dir='ltr'>laborem,</span> 
     </span>
     <span class='ocr_line' id='line_1_33' title="bbox 256 3954 965 4023; baseline -0.004 -11"><span class='ocrx_word' id='word_1_200' title='bbox 256 3959 369 4013; x_wconf 84' lang='lat' dir='ltr'>Desine</span> <span class='ocrx_word' id='word_1_201' title='bbox 387 3959 428 4011; x_wconf 86' lang='lat' dir='ltr'>nii</span> <span class='ocrx_word' id='word_1_202' title='bbox 446 3958 570 4010; x_wconf 84' lang='lat' dir='ltr'>meritos</span> <span class='ocrx_word' id='word_1_203' title='bbox 590 3956 716 4022; x_wconf 86' lang='lat' dir='ltr'>tollere,</span> <span class='ocrx_word' id='word_1_204' title='bbox 744 3959 853 4023; x_wconf 86' lang='lat' dir='ltr'>Musa,</span> <span class='ocrx_word' id='word_1_205' title='bbox 871 3954 965 4009; x_wconf 87' lang='lat' dir='ltr'>viros.</span> 
     </span>
    </p>
   </div>
   <div class='ocr_carea' id='block_1_8' title="bbox 0 0 1324 4634">
    <p class='ocr_par' dir='ltr' id='par_1_20' title="bbox 0 0 1324 4634">
     <span class='ocr_line' id='line_1_34' title="bbox 0 0 1324 4634; baseline 0 2"><span class='ocrx_word' id='word_1_206' title='bbox 0 0 1324 4634; x_wconf 95' lang='lat' dir='ltr'> </span> 
     </span>
    </p>
   </div>
  </div>
 </body>
</html>
