2640 4634
524 373 624 468 Eleg.
661 373 752 444 vnn

139 567 267 622 Sustinui
288 581 411 618 arcanos
431 567 459 617 ln
477 572 578 618 nostra
597 567 713 631 negotia
734 565 827 633 risus,

206 659 244 712 Et
263 658 337 727 cmpi
359 659 484 710 iniectos
504 658 686 710 dissimulare
702 660 803 723 jocos.

140 753 220 822 Saepo
239 747 325 802 eti-am
344 751 463 815 nocuit,
481 765 625 818 verasque
649 749 782 801 exercuit
800 752 877 818 irae,

209 844 357 917 Quaelibet
376 843 446 894 huic
466 843 523 895 odii
542 859 602 895 non
621 843 694 894 mala
715 856 801 895 cause
821 844 884 897 fuit.

140 937 274 992 Prodidit
295 935 432 987 invidiam
450 935 541 987 facies
560 936 732 1003 vultumque
756 924 924 1002 sinistrum,

208 1028 247 1081 Et
265 1030 346 1080 ferus
366 1027 395 1078 in
413 1035 500 1079 torvo
522 1027 630 1080 ferbuit
649 1044 701 1079 ore
720 1029 815 1080 saror.

141 1121 205 1173 Una
223 1121 301 1172 salus
322 1119 427 1172 abiisse
446 1120 520 1185 fuit,¹
536 1119 586 1171 sed
606 1128 634 1170 et
652 1119 699 1170 ille
718 1119 850 1184 vetabat‚

210 1211 285 1263 dure
304 1227 377 1277 su0,
400 1221 431 1262 ut
448 1221 546 1264 sumto
567 1210 684 1262 debitor
704 1227 760 1262 aere
779 1209 806 1275 ²⁶)
825 1212 877 1264 ful.

144 1305 225 1372 Saepe
244 1313 340 1357 tamen
360 1303 489 1355 monitus
510 1304 626 1354 taudem
646 1304 798 1354 discedere
813 1302 918 1370 jussit,

211 1395 249 1448 Et
267 1406 369 1447 notum
390 1405 433 1447 est
451 1395 545 1448 abitus
564 1406 670 1463 sponte
690 1395 792 1446 tulisse
813 1412 907 1448 meos.

146 1487 259 1540 Bruma
278 1487 348 1554 suit,
370 1489 518 1556 solitoque
539 1488 628 1551 inagis
647 1487 690 1538 vis
712 1488 830 1552 frigoris
850 1488 969 1554 ingens,

214 1580 351 1647 Cogebar
369 1593 466 1631 tamen
484 1580 561 1631 lianc
581 1582 752 1632 continuare
770 1583 858 1634 viani.

147 1671 205 1725 vix
222 1672 374 1724 modicum
393 1688 570 1740 progressus
591 1689 689 1737 eruin,
709 1690 906 1741 campumque
925 1675 1077 1742 tenebam,

216 1765 292 1817 Cum
311 1764 389 1817 sensi
410 1766 546 1816 occultos
565 1762 656 1815 verba
679 1764 768 1815 luisse
787 1767 884 1816 dolos.

148 1855 229 1910 Ecce
247 1868 335 1908 ruunt
354 1857 482 1925 equites,
495 1906 499 1911 .
514 1857 678 1924 instantque
698 1857 862 1911 minacibus
882 1858 971 1911 atritis
978 1887 987 1923 ,ν

217 1949 345 2002 Sumitur
363 1967 377 2001 c
396 1950 485 2004 nobis
506 1960 611 2018 qrunna
632 1950 729 2017 rapina
749 1949 812 2002 luit.

149 2041 307 2110 Deripiunt
330 2056 428 2097 veStcs
447 2045 475 2094 et'
492 2052 555 2094 tolo
576 2057 705 2110 corpore
726 2043 834 2093 nudant

164 2189 167 2194 ,
218 2133 322 2185 Turba
342 2130 413 2186 nihil
431 2135 558 2189 morbos
582 2134 789 2188 commiseram
808 2142 903 2188 meos.

151 2225 288 2281 Jusserat
304 2226 365 2279 hoc
385 2227 508 2281 sceleris
528 2238 717 2279 commentor
734 2227 860 2281 Loesius
879 2228 985 2294 liujus,

220 2317 375 2384 misserat,
407 2319 533 2384 etlieri,
563 2321 643 2387 quod
659 2320 830 2388 jubetille,
861 2321 962 2385 decet,

153 2410 285 2478 Utraque
300 2411 367 2477 jura
387 2413 499 2466 docens
519 2422 547 2464 et
565 2421 643 2464 tanto
666 2411 791 2465 consule
809 2424 893 2463 nutus
904 2431 913 2477 ς

218 2501 381 2571 Ostendam
399 2511 495 2554 tamen
515 2504 575 2555 hoc
598 2517 659 2555 non
678 2503 814 2557 eloctiisse
833 2508 943 2557 scelus.

155 2592 207 2646 Nil
226 2611 279 2660 ego
300 2595 335 2645 do
356 2593 474 2646 famulis
493 2610 619 2661 querar,
649 2604 679 2644 ut
698 2594 874 2647 facientibus
892 2595 960 2645 lllud
969 2632 979 2659 ,

223 2686 345 2752 Cogitur
364 2703 378 2737 a
397 2685 518 2737 domino
538 2685 653 2737 subdita
673 2686 758 2737 turba
778 2701 845 2741 su0.

156 2776 224 2845 lpse
243 2778 322 2829 dabit
340 2793 440 2847 poenas
461 2777 614 2833 commissi
635 2777 760 2832 Losslus
780 2789 902 2844 auctor,

223 2870 289 2937 lpse
311 2871 364 2922 crit
381 2871 497 2938 ingenio
512 2870 591 2938 justa
610 2872 710 2940 rapina
729 2888 810 2924 meo.

157 2959 286 3012 Vertitur
306 2961 335 3011 in
352 2963 482 3016 subitum
501 2963 579 3016 mitis
598 2976 699 3017 natura
723 2966 875 3031 furorem,

225 3054 263 3105 El
280 3062 382 3104 movet
401 3054 505 3106 iratum
524 3063 581 3105 tam
600 3056 679 3108 bona
704 3067 790 3110 causa
810 3056 949 3108 anianum.

157 3143 279 3212 Arripui
299 3144 463 3209 calamum,
494 3145 651 3212 rapiorque
674 3147 838 3199 l'urcutibus
863 3147 956 3211 ausis,

227 3236 276 3286 Da
294 3233 409 3286 veniam
429 3234 550 3302 coeptis,
579 3252 682 3304 magne
702 3249 807 3305 poeta,
837 3237 921 3288 meis.

161 3328 229 3396 Ipsa
248 3342 332 3380 suam
355 3326 450 3395 poscit
470 3325 627 3378 vindictam
647 3329 768 3394 injuria,
797 3345 854 3380 nec
877 3344 924 3379 me

230 3418 341 3471 Ulcisci
359 3418 419 3487 hoc
438 3417 491 3468 alia
513 3419 682 3471 conditione
704 3421 800 3472 decett

165 3511 213 3564 Tu
232 3527 350 3580 quoque
369 3509 412 3563 sic
431 3509 517 3562 laesus
536 3511 679 3565 fruereris
699 3511 804 3566 talibus
825 3514 931 3580 armis,

231 3604 329 3673 Quem
347 3603 467 3654 memini
486 3602 566 3655 duris
587 3620 664 3672 saepe
684 3621 794 3656 nocere
813 3606 926 3669 modis;

167 3693 264 3766 Quem
289 3695 408 3746 meniini
439 3694 576 3745 meritum
601 3706 767 3747 vertentem
792 3697 820 3747 in
846 3700 975 3749 carmina
1000 3698 1100 3760 telum,

232 3786 314 3837 Laxa
331 3788 422 3854 riuigis
441 3798 524 3840 moto
543 3799 628 3840 truita
649 3788 764 3846 dedisse
783 3791 902 3855 animo;

201 3966 223 4014 *l
240 3964 274 4008 liu
296 3964 334 4008 U.:
360 3979 408 4011 ore.
