2640 4634
67 394 76 411 ”
143 406 193 511 ‚dli
237 500 246 511 ¹
444 411 446 415 “
513 339 660 486 Querel.
705 396 725 466 l.
751 395 813 507 ll..

154 599 213 672 Qui
231 607 331 653 motos
351 599 425 651 inter
446 595 597 649 bellorum
617 601 713 658 strage
733 592 891 656 tumultus,

222 692 424 762 Caesariasque
442 690 540 754 aeica,
570 686 814 754 Teutonicasquc
832 701 953 752 manus,

95 772 98 777 ⁵
153 786 321 856 Proeliaque
347 794 375 838 et
398 786 500 839 ductas
528 783 622 835 effuso
649 779 789 846 sanguine
808 787 938 843 turmas,

222 881 297 933 Cum
316 879 416 932 Musis
435 877 551 948 placido
571 883 725 944 permanet
750 872 878 940 ingenio.

155 975 210 1028 Sed
228 974 290 1026 noti
310 974 345 1026 ad
363 973 440 1042 ripas
459 971 544 1024 Albis
564 967 733 1023 Senonibus
753 967 828 1035 agris

222 1067 302 1122 Urbs
323 1077 366 1119 est
384 1065 550 1134 Gymnasio
574 1062 726 1115 nobilitata
745 1077 838 1114 n0v0.

155 1160 232 1214 Vivit
257 1161 285 1213 in
309 1161 366 1212 hac
384 1160 535 1224 Francus,
565 1156 664 1226 patriae
683 1172 761 1208 nova
780 1153 874 1222 gloria
891 1163 1017 1221 nostrae,

223 1253 383 1306 Phacchus
403 1251 535 1305 amicitiae
553 1250 652 1320 portio
674 1248 729 1301 lida
748 1265 832 1300 meae.

157 1346 292 1416 Cumque
311 1363 366 1397 suo
385 1345 529 1398 Phaccho
548 1343 631 1412 parili
651 1343 828 1409 conjunctus
849 1355 969 1406 amore,

226 1439 408 1512 Quiflmiram
427 1437 533 1504 ingenii
552 1438 631 1501 vim,
666 1435 874 1506 SpalatinuS,
903 1437 1003 1492 habet.
1088 1447 1090 1450 ⁴

155 1531 210 1584 Est
231 1548 350 1599 quoque
372 1530 560 1596 'l'hu'ringuS,
591 1529 638 1581 cul
662 1529 738 1581 fama
761 1538 904 1597 urgente,
931 1527 1050 1584 Sibitus

226 1624 366 1677 Caesareae
387 1625 486 1675 lauros
506 1623 677 1692 imposuere
696 1639 800 1675 manus
811 1642 821 1689 3

156 1715 195 1770 Et
213 1719 299 1784 longe
319 1735 333 1768 a
353 1716 449 1786 patriae
470 1716 621 1784 sejunctus
641 1715 776 1768 Sbrulius
797 1716 876 1782 oris,

227 1810 285 1882 Qui
299 1809 401 1878 juveni
421 1810 539 1862 Italicos
559 1810 671 1861 intonat
692 1827 745 1862 ore
764 1810 884 1866 modos

157 1903 234 1959 Hine
252 1903 347 1955 vicina
366 1913 448 1973 petes
465 1902 594 1973 Misneae
613 1904 719 1956 muenia
738 1903 852 1972 Lipsae,

226 1996 279 2048 Cui
300 1997 417 2049 tandem
441 1997 548 2048 famam
567 1996 683 2049 Lusaca
702 1996 794 2067 Musa
815 1994 846 2062 ⁴⁴)
867 1995 962 2060 dedlt3

158 2089 288 2156 Rhagius
312 2089 361 2141 hic
382 2088 528 2155 juvenes,
559 2105 615 2140 nec
640 2105 723 2155 non,
759 2089 868 2159 quibus
895 2089 989 2141 actior
1018 2097 1102 2156 aetaS,

226 2180 348 2247 Erudit,
379 2191 406 2233 'et
429 2181 538 2233 teneris
558 2183 688 2235 consulit
706 2182 840 2249 ingeniis.

160 2273 242 2341 Saepe
262 2274 331 2341 quid
351 2273 379 2325 in
397 2274 500 2341 vulgus
519 2274 614 2343 magni
633 2275 730 2342 gravis
758 2273 846 2327 edidit
862 2273 990 2340 Emser‚

226 2363 264 2418 Et
278 2365 341 2433 jam
359 2367 461 2419 neseio
482 2368 552 2437 quid
569 2384 672 2421 secum
693 2368 783 2421 habet
805 2369 853 2422 ille
871 2369 953 2421 novi.

89 2476 95 2491 ··
129 2494 132 2511 ι
160 2459 227 2513 Nec
248 2469 278 2510 tu
300 2469 456 2529 praetereas
475 2462 633 2514 sublimem
651 2461 772 2528 virginis
793 2450 920 2527 urbem,

227 2550 316 2605 Paene
338 2554 448 2606 habitat
467 2554 594 2608 mediam
613 2554 686 2608 Nisa
707 2555 805 2624 puella
825 2554 914 2606 viam.

70 2660 72 2665 ·
160 2645 216 2697 Hie
234 2644 311 2697 bene
331 2647 365 2698 de
386 2647 481 2699 doctis
498 2648 607 2699 meruit
625 2647 779 2716 Gasparus
799 2648 920 2712 amici3‚

233 2740 332 2812 Quem
354 2738 462 2807 passim
482 2739 510 2791 in
528 2741 660 2796 numeris
679 2740 800 2793 Musica
820 2739 906 2791 turba
925 2738 1006 2793 colit.

163 2834 278 2886 Offeret
297 2813 435 2885 excelsos
455 2831 592 2898 digressae
611 2832 782 2901 Erphordia
800 2842 901 2900 vates,

231 2925 327 2991 Atque
347 2938 451 2974 omnes
465 2922 584 2991 junxit,
614 2943 690 2994 quos
708 2926 817 2992 habet,
848 2926 896 2978 illa
920 2927 1004 2982 mihi.

164 3017 274 3071 Crotus
301 3013 328 3065 in
354 3015 410 3065 hac
434 3015 522 3068 nobis
548 3017 603 3069 sub
623 3018 726 3087 primis
745 3019 862 3088 praefuit
880 3020 981 3086 annis,

231 3107 340 3160 Crotus
356 3107 502 3176 Apollinea
521 3108 597 3162 fama
618 3112 747 3180 superba
765 3122 858 3180 togae,

164 3198 224 3277 Qui
243 3200 313 3265 tibi,
344 3215 397 3251 seu
415 3216 578 3268 numeros,
608 3219 660 3255 seu
680 3205 839 3274 quidquam
863 3207 927 3273 lege
947 3206 1077 3259 solutum

232 3292 408 3362 Scrisperit‚
439 3294 554 3360 egregia
579 3296 662 3347 laude
690 3297 862 3365 probandus
882 3300 947 3351 erit.

165 3386 221 3438 Sed
247 3384 326 3436 dabit
352 3384 414 3453 ipse
440 3401 524 3438 meus
548 3389 664 3440 veniam
691 3390 747 3440 hac
773 3391 844 3442 mihi
872 3400 954 3460 parte
981 3391 1139 3459 magister3

65 3526 68 3534 ,
152 3506 155 3510 Δ
235 3476 310 3549 Quis
328 3494 390 3528 non
409 3477 524 3543 ingenio
544 3481 684 3546 cesserit,
713 3483 829 3546 Heme,
859 3487 931 3536 tuo!

167 3568 213 3622 Te
230 3563 372 3634 juvenem
392 3570 497 3623 tetrico
521 3581 671 3624 texentem
690 3573 781 3625 verba
800 3575 909 3642 boatu,

233 3660 408 3713 Vincentem
432 3663 511 3713 c'ultu
532 3674 665 3715 temnere
683 3677 784 3716 nestra
805 3684 886 3721 novo
898 3708 906 3734 ,

165 3752 275 3806 Pallida
295 3750 417 3806 miratur
434 3753 511 3807 victa
531 3757 669 3822 gravitate
687 3766 825 3813 senectus
834 3777 844 3828 3

234 3844 341 3896 Judice
360 3863 427 3912 me,
456 3847 496 3899 nil
513 3858 541 3899 te
560 3851 625 3900 heae
643 3866 777 3921 tempora
796 3855 890 3921 majus
909 3851 1029 3906 habent.

165 3958 328 3972 ———-—

200 4037 222 4083 *J
240 4032 328 4079 Preher
344 4033 448 4080 Nomen.
468 4035 538 4082 ‘von
555 4035 644 4084 Hutterr
662 4039 738 4089 telbst
754 4041 896 4088 verberent.
