2640 4634
158 384 226 456 298
468 373 510 446 In
533 374 698 447 Laudem
722 372 860 447 Alberli
904 342 906 355 Ι
989 456 993 467 Ι

158 573 244 642 Cogit
262 572 373 627 Franca
390 587 514 637 manus,
537 580 597 624 tota
617 569 736 636 Africa,
757 578 836 623 totus
856 567 958 621 adorat

156 665 294 719 Victores
316 665 444 729 Orione,
468 664 619 732 bolymam
639 662 688 732 qui
707 671 856 732 presserat
873 661 1001 727 urbem,

155 757 295 824 Deserit,
318 766 439 823 augetur
456 756 565 826 pietas,
589 772 644 824 pro
665 755 790 808 crimine
809 771 911 825 poenas

156 851 290 904 Saxones
312 849 498 919 expendunt,
522 858 553 900 tu
572 848 670 918 perdis
689 847 785 903 Gallia
804 864 934 916 nomen,

155 942 278 997 Francia
296 943 341 994 vis
360 940 433 1008 dici,
458 951 569 993 tantum
589 941 730 994 concedis
747 940 877 1008 honori,

154 1035 321 1103 Virtutique
341 1033 443 1099 ducis,
466 1033 542 1086 laudi
561 1045 674 1100 gratare
693 1043 840 1103 paternae,

154 1126 195 1181 Et
213 1126 331 1196 proavis
353 1127 474 1179 Alberte
493 1126 567 1192 tuis,
587 1126 638 1178 tibi
657 1127 734 1179 sama
753 1126 895 1197 decorem

155 1220 294 1275 Nominis
314 1220 367 1272 ista
390 1220 482 1283 leret,
507 1219 570 1288 pius
588 1218 659 1271 hinc
679 1217 849 1295 [ludovicus
868 1217 964 1270 amica

154 1312 234 1368 Pace
254 1313 353 1376 sedet,
377 1328 429 1364 sua
448 1327 549 1378 sacra,
568 1312 633 1364 viro
653 1327 713 1363 non
733 1311 846 1379 proelia
863 1326 954 1363 curae.

154 1405 287 1470 Pingitur
309 1404 478 1472 arnolphus
490 1444 498 1469 ,
522 1403 636 1456 turbata
655 1419 727 1470 pace
744 1416 873 1470 ⁴perosus

154 1492 222 1550 otia
240 1495 474 1564 tranquillosque
493 1495 574 1562 dios,
595 1494 733 1565 obliquus
752 1496 780 1546 in
800 1510 923 1562 omncs,

152 1588 266 1642 Deside
286 1587 333 1656 qui
352 1597 471 1655 torpent
489 1587 565 1654 vita,
584 1605 640 1640 nec
660 1603 749 1657 posse
766 1588 882 1640 videtur

70 1719 72 1723 .
153 1680 244 1735 Ferre
266 1680 455 1733 sacerdotum
477 1681 575 1734 luxus.
593 1674 596 1679 ’
615 1681 689 1751 Quis
709 1672 808 1733 terror
826 1681 1004 1748 Othonum,

155 1773 250 1846 Quale
270 1774 360 1826 decus
379 1773 503 1842 superi?
525 1773 574 1826 Tu
592 1773 749 1827 I’annonas
769 1773 882 1843 excipis
902 1772 962 1825 acri
993 1768 995 1772 ’

152 1863 253 1920 Marte
273 1867 466 1932 rebellantes,
485 1876 513 1918 te
531 1867 647 1919 vindice
667 1867 759 1919 libera
781 1867 894 1933 Roma,

153 1957 322 2028 Liberaque
344 1959 422 2011 ltalia
442 1968 502 2024 cst,
522 1959 572 2030 qui
592 1960 720 2030 pendent
737 1959 849 2012 vertice
867 1973 973 2024 neam,

152 2051 313 2106 Pannoniae
332 2052 564 2118 vixeressducem
583 2063 611 2105 te
629 2052 738 2106 Martia
757 2053 851 2106 sensit

152 2143 251 2197 Roma
270 2144 325 2196 sibi
345 2144 490 2209 similem,
509 2161 636 2213 namque
656 2146 683 2197 in
703 2154 731 2197 te
750 2146 827 2212 regia
848 2146 927 2197 lucet
994 2172 999 2183 ι

76 2221 77 2226 ’
152 2232 317 2301 Majestas,
339 2236 433 2287 decor
450 2235 582 2306 imperii,
604 2253 787 2306 componere
806 2237 873 2290 lites

151 2327 251 2380 Ausus
273 2344 321 2394 es,
341 2337 368 2380 et
388 2329 485 2381 medio
505 2328 634 2382 Romam
656 2346 779 2383 censere
799 2337 911 2384 senatu.

152 2420 267 2473 Cedere
288 2421 364 2473 colla
382 2421 510 2486 ducunt,
531 2421 628 2473 fasces
646 2421 820 2475 submittere
838 2438 942 2493 poenae.

150 2510 190 2568 Et
208 2514 318 2568 sonteis
338 2514 441 2584 punire
462 2530 547 2580 reos,
567 2514 703 2583 solioque
724 2524 884 2568 retractum

149 2605 348 2673 Pontificem,
368 2607 508 2676 Petrique
528 2606 616 2674 loco,
636 2607 773 2661 discorde
792 2608 925 2675 relegaS,

142 2696 178 2755 Ἃ
195 2700 297 2769 patria.
336 2699 446 2752 Verum
466 2700 519 2752 alta
539 2701 618 2752 donn
637 2717 690 2769 per
708 2710 736 2753 te
756 2700 852 2752 excita
870 2700 963 2753 virtus
1018 2768 1022 2773 ὓ

101 2786 106 2793 ’
150 2792 285 2847 Saxones
306 2792 420 2844 extollit
440 2809 601 2861 procercS,
617 2793 679 2859 jam
698 2800 833 2861 tempore
853 2792 888 2845 ab
908 2791 960 2844 illo

149 2883 279 2939 Laetatos
300 2899 392 2950 genus
412 2899 476 2936 csse
496 2895 593 2950 tuurn,
617 2902 673 2936 naec
692 2885 812 2950 segnior
830 2885 918 2937 armis

150 2975 272 3044 Ingenio
293 2975 399 3028 melior
419 2987 519 3043 regnat
539 2986 586 3028 tua
607 2976 684 3042 regia
704 2977 823 3046 proles,

149 3068 210 3125 Per
228 3069 327 3122 varios
347 3083 451 3134 casuS,
473 3068 565 3138 prima
584 3068 655 3122 huic
674 3069 798 3122 victoria
819 3070 897 3124 cedit

149 3161 184 3216 ln
204 3163 378 3214 Saracenam
398 3161 529 3227 rabiem,
550 3163 752 3232 Maurumque
772 3164 917 3219 furorem.

151 3254 268 3309 Graecia
292 3255 399 3307 dehinc
418 3255 493 3307 victa
513 3263 575 3321 est,
595 3254 701 3308 iterum
720 3256 766 3308 dat
786 3255 882 3311 Gallia
904 3255 1056 3327 palmam,

148 3348 232 3402 Dum
251 3363 337 3400 versa
357 3357 400 3399 cst
419 3349 536 3399 fortuna
556 3357 655 3413 retro,
675 3365 739 3416 quae
758 3357 834 3402 tanta
853 3357 975 3419 repente
1066 3330 1069 3336 ι

150 3440 261 3494 Invasit
280 3440 398 3494 clades?
418 3456 521 3509 sparso
542 3440 616 3507 fugis
634 3441 739 3493 obvius
757 3441 836 3495 hosti

151 3534 255 3602 Solus,
280 3543 308 3585 et
325 3533 354 3585 in
372 3532 469 3586 lacera
488 3542 587 3587 tecum
605 3535 689 3588 vehis
709 3533 807 3586 omnia
827 3532 934 3604 cymba

149 3628 295 3694 Magnum
315 3626 464 3692 animum,
487 3626 539 3678 sed
565 3627 613 3696 qni
634 3627 767 3696 prendit,
795 3645 856 3680 non
877 3625 970 3678 credit
987 3625 1173 3702 Othonem,

149 3720 217 3773 lloc
236 3719 287 3773 tibi
307 3719 402 3786 lingua
421 3719 517 3785 dedit,
535 3736 633 3790 neque
653 3720 731 3772 enim
750 3720 831 3790 prius
850 3735 903 3772 ore
922 3719 1062 3774 locutum

149 3813 298 3865 Audivere
318 3827 372 3863 suo
393 3810 476 3880 Graji
495 3812 657 3881 perfectius
678 3815 788 3881 ullum,

152 3905 205 3955 Cui
225 3904 346 3973 patriam
368 3904 492 3957 llor‘ale
511 3905 596 3972 gelu,
616 3906 800 3977 Rhenusque
819 3906 954 3963 dedisset.
978 3931 981 3944 ·

150 3996 217 4052 Nec
236 3995 435 4050 Beneventani
455 3990 552 4050 manet
570 3997 711 4070 impunita
727 3998 844 4054 timoris
