2640 4634
216 944 272 1037 Ari
284 942 549 1028 Sedecimniros
563 934 752 1048 Gymnasii
762 935 1033 1026 llostocbierisis
1045 939 1226 1050 Epistola,

311 1115 395 1163 cum
420 1090 631 1162 Tetrasticis
654 1073 689 1160 in
715 1088 883 1185 singulos.
956 1162 957 1166 ,
1011 1136 1036 1181 ,¹4

512 1293 514 1298 ,
576 1284 862 1300 -ί--ι--ύ--ιι-

213 1401 305 1488 Nihil
330 1442 347 1487 a
371 1440 417 1486 ine
440 1416 522 1486 scribi
545 1424 598 1484 hac
623 1429 810 1502 tempestate,
839 1410 909 1485 nihil
931 1433 1012 1504 paene
1035 1412 1091 1488 clici
1119 1415 1223 1502 debet,
1318 1488 1319 1491 ,

214 1526 265 1585 viri
285 1525 471 1598 ornatissimi,
497 1524 558 1584 sine
584 1523 674 1582 Vestri
695 1521 810 1582 honoris
832 1525 1006 1599 prefatione.
1052 1527 1124 1588 Cum
1146 1532 1224 1590 enim

212 1624 307 1684 hieme
326 1625 465 1700 preterita
488 1613 518 1682 in
547 1620 734 1698 spoliatorem
761 1622 889 1686 Lossium
909 1613 1086 1706 incidissem,
1118 1631 1224 1688 nudosa

212 1743 268 1801 qne
293 1719 330 1791 ari
347 1712 411 1783 'Vos
438 1713 627 1794 diverterem,
668 1733 697 1782 et
725 1721 880 1784 honorifice
911 1740 981 1784 sum·
1000 1740 1164 1803 susceptus,
1194 1743 1224 1788 et

211 1816 324 1884 habitus
345 1815 507 1883 liberaliter.
546 1822 648 1898 Scripsi
668 1823 763 1897 itaque
783 1823 816 1882 iis
837 1822 950 1896 diebus,
976 1844 1048 1900 quos
1069 1827 1145 1902 apud
1165 1828 1222 1888 Vos

211 1925 348 1986 humanas
368 1923 462 1982 literas
482 1923 626 1998 professus
646 1935 724 1993 soni,
753 1906 864 1998 Elegias
884 1924 1020 2000 quasdam
1040 1917 1075 1985 ad
1096 1927 1222 1986 diversos

211 2025 247 2085 de
266 2025 380 2085 fortuna
400 2041 480 2094 meat
513 2036 584 2096 ‘quas
611 2019 660 2081 ubi
686 2023 715 2081 in
743 2022 871 2082 ordinem
891 2042 1106 2100 congesseram,
1136 2039 1222 2103 atque

210 2123 335 2186 edendas
361 2124 474 2200 putavi,
507 2122 593 2184 Vobis
622 2139 788 2196 nuncupare
815 2122 903 2182 volui.
945 2123 1023 2196 Quid
1051 2127 1127 2183 eninr
1155 2146 1220 2185 rnen

209 2225 324 2284 carmini
343 2221 486 2297 amplius,
518 2222 587 2297 quid
615 2221 804 2280 honorificum
832 2223 919 2298 magis
946 2213 1077 2282 accidere
1104 2239 1219 2300 posset,

209 2343 293 2400 quarn
313 2336 456 2383 tantorum
478 2324 600 2383 virorum
625 2323 821 2398 praescriptio?
852 2317 943 2397 tltqrie
964 2341 998 2380 eo
1020 2325 1106 2399 magis
1126 2324 1218 2384 solatii

208 2423 264 2503 hoc
283 2423 350 2483 mihi
371 2441 433 2483 esse
454 2423 558 2496 debet,
589 2442 646 2499 quo
672 2443 706 2482 ea
727 2441 770 2482 res
791 2419 924 2481 amulum
945 2432 1057 2495 meum5
1088 2424 1136 2499 qni
1157 2445 1220 2498 pers

207 2535 295 2600 petuo
321 2522 446 2599 quodam
474 2525 541 2583 odio
566 2523 596 2582 in
621 2542 667 2583 me
693 2521 815 2597 juravit,
844 2520 1045 2596 inflammabit,
1074 2526 1220 2600 magisque

206 2645 240 2685 ac
259 2627 346 2701 magis
372 2625 408 2684 ad
433 2623 620 2684 invidendum
648 2623 794 2684 excitabit.
845 2622 905 2698 Ego
926 2619 1088 2683 mehercule
1109 2625 1217 2683 nnllam

205 2726 320 2799 majoris
348 2723 487 2784 ultionem
515 2723 606 2794 facio,
639 2742 723 2797 quarn
752 2740 833 2794 eant*²
865 2742 920 2797 qua
948 2721 1076 2782 inimicos
1106 2733 1217 2797 nostros

205 2824 379 2883 conscientia
399 2821 538 2881 malorum
565 2840 680 2880 suorum
702 2823 806 2897 pungi,
839 2810 1028 2896 nrncerarlque
1049 2821 1217 2885 insultantes

204 2923 327 2983 ierimus.
382 2913 507 2996 Accipite
536 2936 602 3000 ergo
635 2920 686 2979 hos
718 2918 905 2996 Queteiarum
936 2918 1040 2991 libros3
1070 2922 1111 2980 sic
1141 2925 1216 2980 enirn

204 3024 357 3084 inscribere
387 3021 477 3080 vitum
505 3034 563 3088 est,
595 3021 744 3096 atque'lta
772 3023 907 3098 accipite,
941 3030 988 3094 ut,
1023 3021 1044 3080 si
1072 3022 1216 3098 ingenium

204 3143 263 3183 non
283 3124 400 3183 omnino
429 3121 571 3197 probetis,
605 3139 719 3180 causam
744 3121 845 3182 saitem
867 3137 974 3190 meam,
1005 3137 1068 3196 quae
1088 3124 1216 3182 omnium

204 3236 299 3293 vestro
318 3222 426 3298 judicio
447 3225 554 3298 optima
573 3224 632 3295 jam
651 3215 761 3298 pridem
780 3231 864 3280 c'ensn
885 3234 943 3291 est,
963 3210 1132 3282 defendatis

280 3323 405 3396 ridjunxi
433 3322 589 3382 Tetrastic'a
615 3323 743 3398 quaedam
771 3321 799 3379 in
827 3319 971 3394 singulos,
1000 3319 1134 3394 exiguum
1164 3334 1214 3397 pro

203 3433 283 3481 tanta
318 3437 411 3480 vestra
445 3420 646 3481 benevolentia
676 3438 797 3491 munus,
841 3431 873 3476 ut
903 3406 1012 3476 scilicet
1044 3416 1214 3494 intelligeret

204 3517 339 3596 spoliator
358 3539 455 3591 mens,
487 3521 538 3580 etsi
565 3523 627 3596 quis
653 3521 722 3580 item
752 3516 1056 3589 nasutusaccesserit,
1090 3526 1148 3577 tarn
1169 3540 1214 3580 me

205 3619 295 3680 bonos
315 3614 444 3690 inodare,
477 3638 562 3694 quam
586 3620 744 3696 vituperare
770 3616 870 3678 malos.
911 3616 1030 3692 valete,
1065 3631 1093 3678 et
1113 3619 1214 3681 Huite-

203 3737 272 3779 num
294 3727 420 3776 vestrum
440 3717 540 3794 legite,
561 3729 647 3792 atque
667 3719 799 3778 tuemini!

279 3817 321 3877 Ex
342 3817 454 3877 officina
474 3837 537 3881 ntea
556 3815 691 3876 litteraria
714 3815 877 3888 Rostochii,
898 3814 995 3875 idibus
1015 3808 1093 3885 Jutii.

600 4028 824 4046 -n——dh-u
848 4039 850 4045 r
