2640 4634
214 348 277 452 iel
596 378 659 450 ur
686 379 813 451 bonu.

208 559 309 643 Siquid
327 563 402 641 apud
420 569 550 640 Superos
570 588 642 638 oro,
668 571 737 625 licet
755 571 894 624 omnibus
913 563 984 626 iliud

276 662 404 727 Audire,
431 672 458 715 et
477 664 570 716 cuivis
590 666 765 734 exposuisse
783 663 860 718 viro.
1039 735 1041 738 v

127 779 130 787 ’
207 758 276 813 Nec
295 754 444 807 reticenda
462 755 537 808 Deis
553 756 667 809 hommi
685 757 795 826 loquor
814 756 942 826 undique
961 762 1067 822 venue,

275 848 315 902 Et
332 846 395 900 sine
414 846 572 917 posthabiti
596 848 766 919 suspicione
790 848 859 904 doli.

208 940 319 995 Pectus
337 939 427 992 habet
444 939 533 1009 libyci
553 951 657 1009 caput,
686 949 714 992 et
731 949 824 992 torva
835 953 888 992 ota
911 938 1006 992 leonis
1016 976 1026 1004 ,

276 1034 310 1086 In
329 1032 451 1102 quosvis
469 1046 557 1087 casus
575 1033 663 1087 fortia
682 1033 773 1085 corda
791 1049 874 1099 gero.

209 1114 282 1180 Non
299 1141 347 1177 me
365 1133 492 1178 versutae
510 1140 644 1194 praeceps
664 1125 782 1178 audacia
800 1125 923 1192 linguae,

276 1217 349 1274 Non
367 1225 478 1270 terrent
496 1217 603 1287 quovis
622 1218 699 1280 bella
716 1216 823 1269 minata
841 1216 945 1269 modo.

210 1300 307 1364 Fortis
327 1310 355 1361 in
377 1309 507 1362 adversis
528 1309 663 1363 animoso
683 1309 796 1361 robore
817 1309 943 1374 fungor9

277 1401 317 1453 Ut
334 1400 424 1470 paleae
442 1400 539 1453 stolidi
559 1408 626 1453 sunt
644 1399 714 1451 mihi
734 1400 811 1451 bellu
829 1398 894 1452 viri.

124 1557 127 1562 ¹
210 1487 321 1553 Pectus
341 1482 419 1545 idem
438 1482 590 1558 adversis,
618 1492 721 1544 eadem
741 1491 885 1544 sententia
903 1490 1014 1556 rebus,

280 1583 354 1657 Quae
375 1584 514 1638 fortunati
532 1583 677 1653 temporis
696 1600 762 1636 esse
779 1584 866 1636 solet.

210 1664 270 1730 Pes
288 1676 379 1741 mihi,
404 1675 497 1745 qualis
518 1684 580 1728 erut
598 1676 775 1745 quandoque
795 1674 1027 1744 Erymanthidos
1045 1686 1140 1748 ursae,

280 1768 377 1842 Quam
394 1768 472 1821 dedit
491 1770 605 1821 Arctoo
625 1767 746 1838 Jupiter
764 1765 827 1838 ipse
848 1769 932 1837 polo.

210 1850 270 1914 Pes
288 1859 381 1926 latus,
409 1860 549 1930 quoniam
567 1859 660 1912 firmae
680 1860 843 1913 constantia
865 1859 973 1912 mentis
1048 1880 1062 1893 ”

276 1947 410 2005 Debebit
422 1953 493 2020 justi
515 1953 606 2006 rebus
626 1953 729 2006 adesse
752 1951 819 2007 viri.

210 2032 372 2112 Nunquam
391 2031 478 2097 animi
496 2045 610 2097 vultum
627 2053 731 2111 muto,
758 2045 814 2100 nisi
832 2054 968 2114 tempora
986 2052 1130 2112 poscant,

279 2135 452 2204 Tempore,
480 2150 542 2189 non
560 2136 670 2202 rebus,
700 2137 814 2190 sanctio
833 2147 937 2191 nostra
957 2136 1042 2188 cudit.

212 2226 292 2294 S'aepe
310 2227 398 2282 minis
416 2237 534 2294 tentor,
562 2238 729 2297 maneoque
749 2227 891 2283 immotus
912 2228 948 2281 ab
967 2228 1042 2294 illis,

278 2316 325 2372 Sic
345 2319 456 2376 Boreas
475 2321 577 2375 validis
594 2320 714 2374 incubat
735 2320 906 2376 arboribus.

210 2409 314 2479 Adde,
333 2415 413 2482 quod
433 2403 540 2469 oblatis
558 2414 662 2467 eadem
680 2428 751 2481 gero
771 2425 894 2480 pectora
912 2413 1018 2479 donis,

279 2502 353 2576 Quae
372 2512 469 2558 tamen
489 2507 517 2558 in
534 2508 623 2574 vulgo
643 2522 721 2577 saepe
739 2505 839 2556 valere
858 2505 966 2560 solent.

210 2593 327 2649 Dextra
345 2605 424 2651 tenet
443 2599 563 2656 clausos
581 2601 717 2665 loculos,
744 2599 921 2668 coriumque
946 2592 1135 2668 revinctum,

277 2689 349 2742 Non
368 2691 485 2758 tribuo,
511 2693 568 2747 nisi
588 2695 669 2763 quod
689 2695 813 2763 fasque,
843 2694 995 2760 decusque
1010 2692 1134 2757 jubent.

210 2779 325 2836 Parcus
344 2782 372 2834 in
394 2784 559 2840 immeritos
580 2800 634 2853 ego
655 2802 743 2850 sum9
774 2783 937 2852 dextrique
961 2782 1057 2836 tenaci

278 2870 351 2926 Non
371 2874 435 2928 sino
456 2877 595 2928 inutiliter
613 2886 695 2946 parta
715 2876 818 2928 labore
840 2874 913 2943 rapi.

211 2964 250 3014 At
266 2960 383 3033 iarguS,
411 2969 434 3020 si
454 2969 571 3037 quando
591 2970 696 3033 decet,
724 2968 748 3020 si
767 2967 876 3019 invitor
893 2967 1030 3034 honore,

289 3088 292 3095 ·
335 3083 338 3091 ·
375 3060 447 3128 jacit
466 3060 590 3114 invisam
610 3062 690 3129 larga
709 3060 825 3113 sinistra
845 3060 963 3130 stipem.

163 3157 165 3162 '
210 3154 397 3225 Pauperibus
418 3155 518 3219 don0,
547 3167 599 3223 per
618 3163 737 3221 egentes
755 3146 847 3221 largio
867 3153 1000 3218 amicae,
1073 3165 1075 3169 '
1105 3138 1116 3157 '¹

274 3247 313 3303 Et
332 3257 439 3314 tenen,
465 3255 586 3316 superet
604 3247 685 3317 quod
703 3245 797 3315 mini,
824 3245 964 3315 quodque
983 3245 1071 3299 meis.

173 3362 176 3368 ·
210 3343 350 3398 Vestibus
370 3341 476 3394 incedo
495 3341 599 3407 cultis,
629 3341 773 3407 velorque
793 3339 952 3403 decenter,

276 3435 316 3488 Et
333 3434 430 3504 placet
449 3442 587 3497 ornatus,
613 3431 822 3499 munditiaeque
842 3429 914 3481 mihi

211 3525 281 3581 Non
300 3536 398 3578 tamen
417 3532 448 3576 ut
465 3523 548 3575 molli
566 3525 667 3576 videar
685 3525 760 3576 male
779 3533 876 3575 tectus
901 3520 1027 3585 amictu,

279 3618 369 3670 Veste
387 3627 490 3683 tegor,
516 3616 602 3669 fortis
621 3634 709 3686 quarn
728 3618 814 3668 decet
834 3631 899 3668 esse
918 3614 985 3666 viri.

213 3709 363 3764 Consuevi
382 3707 410 3761 in
429 3715 512 3776 gestu
530 3707 689 3776 pulchrum
707 3724 827 3761 servare
848 3708 1010 3772 decorem,

279 3802 345 3854 Hoc
364 3801 441 3853 solet
459 3800 587 3852 intentos
607 3801 766 3853 conciliare
786 3799 912 3851 animos.

210 3896 269 3964 At,
295 3893 318 3944 si
338 3892 407 3961 quid
426 3902 511 3962 turpe
532 3902 594 3958 est,
620 3892 779 3960 medioque
799 3889 955 3943 inamabile
974 3886 1066 3956 vulgo
1073 3929 1084 3958 ,

278 3985 435 4051 Dedecet,
447 4048 452 4055 ,
465 3996 493 4038 et
510 3984 622 4052 magnis
643 3985 733 4036 oilicit
752 3982 884 4051 ingeniis.

651 4093 791 4110 mun-u-
