2640 4634
220 356 239 420 8
602 344 661 426 De
690 301 841 414 Virtute.

216 537 282 591 Vidi
301 554 355 604 ego
375 537 551 604 magnorum
571 536 706 605 pallentia
726 552 856 608 corpora
875 553 994 602 regunt,

282 629 448 687 Portabaut
464 637 577 680 tantum
596 645 685 697 parva
704 630 814 681 feretra
833 613 935 691 decus.

216 720 313 794 Quid!
331 720 382 778 ubi
404 729 476 772 tunc
494 720 606 772 tumido
627 721 763 785 frontosa
781 720 921 790 superbia
940 721 1034 788 fastu,

282 814 426 884 Claraque
445 812 602 890 nobilitas,
621 813 830 889 belligeraeque
848 815 976 889 manus?

125 950 128 956 s
214 905 273 979 Qui
295 908 387 960 modo
406 915 451 959 tot
467 905 616 976 popu108,
635 906 684 976 qui
702 914 749 958 tot
764 905 857 979 modo
876 913 997 958 rexerat
1014 902 1126 967 55555,

278 1000 434 1054 Procubat
452 999 486 1050 ad
506 998 615 1052 foedam
635 1006 759 1051 truncus
778 997 872 1050 inanis
889 980 1026 1077 ιιιιιιιιιιιιι

211 1092 386 1172 Tabescunt
405 1091 491 1144 etiam
510 1089 599 1156 regali
620 1106 750 1158 corpora
768 1091 860 1165 luxu,

277 1185 292 1238 Ι
309 1201 407 1250 nunc
427 1192 454 1235 et
472 1180 565 1234 validi
584 1189 713 1258 concute
732 1191 849 1251 sceptra
867 1187 977 1247 ιιιιιιιιιΙ

208 1279 340 1345 Inunc,
363 1285 391 1328 et
409 1276 525 1340 forma
545 1273 663 1326 fortuna
660 1291 720 1342 ,
703 1273 870 1351 opibusque
890 1274 1012 1343 superbi
1022 1314 1032 1339 ,

275 1370 369 1439 Inque
388 1367 472 1420 brevi
490 1381 630 1446 magnum¹
649 1373 819 1441 ternpore
803 1381 915 1428 ιιοιιιιιι
934 1365 1030 1418 hab(
1024 1369 1029 1397 ¹

206 1461 313 1532 Nudus
331 1475 384 1526 55,
405 1468 433 1511 ct
450 1441 579 1525 gelidum
597 1457 727 1526 premis,
746 1455 911 1522 invidiose,
930 1422 1142 1535 sepulchrum,

273 1551 362 1605 Nuda
381 1551 453 1620 petit
471 1549 586 1618 Stygios
605 1549 710 1603 flebilis
729 1548 835 1601 umbra
855 1549 949 1601 lacus,

204 1642 340 1714 Discite,
361 1638 503 1717 mortales
514 1641 699 1717 ,trepidae
681 1641 890 1715 moderamina
904 1642 1015 1716 sortis,

271 1704 442 1804 Internpest
436 1749 497 1786 ivas
516 1722 645 1821 occupat
665 1735 713 1797 illa
732 1748 845 1800 moras.

201 1825 291 1901 Dona
301 1866 310 1893 ,
329 1834 525 1905 potestatem,
543 1816 699 1906 terneraria
713 1815 800 1903 jura,
819 1825 967 1910 fidemque

270 1911 424 1994 Spernite,
444 1926 472 1992 et
490 1917 590 1972 effictae
609 1909 720 2000 numen
740 1918 824 2006 inane
842 1917 928 1970 Deae.

200 2009 317 2071 Clarior
333 2009 389 2076 hac
407 1991 525 2077 uirtus,
545 1993 719 2112 refugaque
725 1995 863 2077 securior
882 2027 971 2095 aura,

266 2102 333 2170 Ipsa
353 2096 444 2174 locat
453 2094 570 2155 famulis
589 2102 709 2190 ιιιιιιιιίιι
726 2119 797 2156 vera
815 2103 888 2174 suis.

198 2192 288 2268 Sunt,
307 2193 357 2262 qui
377 2193 511 2260 divitias,
529 2183 598 2268 sunt
606 2235 614 2262 ,
634 2195 683 2265 qui
703 2203 856 2269 sectentur
872 2195 1006 2272 honores
1017 2233 1027 2260 ,

265 2283 384 2365 Ouique
403 2272 494 2337 velint
510 2301 635 2371 magnos
653 2287 770 2368 pascier
788 2289 854 2351 ante
872 2273 974 2340 duces

195 2375 248 2450 His
267 2334 400 2443 neglecta
418 2364 519 2443 deest,
540 2363 593 2451 sed
610 2378 789 2461 habentibus
810 2379 927 2468 omnia,
947 2379 1063 2460 virtue,

265 2456 340 2552 Cum
361 2469 452 2523 virtus
470 2447 552 2546 nullo
572 2486 697 2543 munere
696 2471 838 2548 possit
832 2471 900 2525 erni.

193 2561 256 2642 Vos
277 2549 419 2641 quoquc,
438 2579 487 2649 qup
507 2547 615 2640 blande
634 2565 758 2648 capnios
779 2564 899 2640 captatis
921 2577 1062 2637 autores

260 2655 325 2720 Ite,
346 2632 449 2734 carent
465 2649 545 2722 veris
562 2657 698 2741 gaudii
683 2667 780 2735 vestra
798 2656 898 2730 bonis

193 2745 336 2816 Quisquis
357 2763 436 2827 arnas
450 2737 621 2836 ‚pulchros
642 2749 721 2820 iugis
732 2731 892 2817 fundabere
912 2747 1010 2828 uultus
1021 2785 1030 2811 ,

199 2842 200 2845 ’
261 2837 362 2908 Ouum
382 2830 496 2924 dederit
514 2857 597 2915 canas
617 2850 724 2893 moesta
744 2847 863 2913 senecta¹
883 2854 996 2917 cernas.

191 2929 258 2982 Sola
274 2929 326 2998 diu
344 2939 388 3012 555
407 2918 512 3012 igitur,
533 2906 597 3001 5515
617 2921 741 3011 estsine
763 2929 887 3006 crimine
906 2920 1020 3006 virtus,

256 3021 339 3074 Labe
360 3003 484 3091 carens,
503 3025 568 3108 uitae
587 3023 826 3100 principiumque
845 3039 941 3076 notae

189 3112 272 3205 ιιιιιιι
295 3123 381 3184 pete,
403 3116 452 3196 qui
471 3118 512 3170 vit
514 3136 577 3186 am,
597 3117 724 3187 quinon
744 3114 881 3169 mortalia
900 3129 1007 3209 curas,

257 3207 311 3284 Est
301 3206 436 3319 ιιιιιιιιὶιι
455 3209 520 3302 ritae
541 3210 729 3304 consuluisse
751 3224 821 3298 suae
