2640 4634
436 797 865 938 ElegiaVlI.

194 997 255 1067 Ad
282 1000 575 1111 Ludovicum
598 1008 876 1102 Huttenum,
909 1016 984 1111 Eq.
1011 1046 1102 1094 aur.

573 1185 736 1201 *u—

148 1267 273 1365 Musa,
307 1301 380 1354 mihi
404 1303 494 1369 longo
521 1320 672 1373 nunquam
699 1306 814 1362 defessa
832 1311 946 1369 labore.

214 1391 275 1444 Pro
296 1410 344 1446 me
365 1396 528 1464 quodquod
548 1411 623 1448 onus
643 1412 706 1465 quae
725 1399 868 1465 patienter
888 1407 965 1471 obis,

144 1483 206 1537 Per
220 1493 265 1537 tot
282 1502 331 1538 me
350 1487 495 1554 morbos,
525 1484 579 1556 per'
596 1495 640 1540 tot
659 1489 751 1565 solata
770 1493 901 1564 labores,

213 1578 277 1630 Una
297 1595 401 1632 comes
421 1580 520 1632 multis
546 1596 624 1649 saepe
647 1582 748 1635 relicta
766 1587 861 1654 malis,

128 1669 250 1795 yonga
269 1671 376 1723 iterum
394 1673 543 1724 metiunda
561 1673 613 1725 tibi
631 1673 694 1738 via,
725 1684 752 1728 et
773 1679 886 1733 eminus
908 1682 993 1744 instat

213 1762 308 1830 Perge
319 1804 328 1830 ,
359 1765 477 1819 decebit
497 1773 619 1817 onusto
638 1765 764 1819 subiisse
783 1785 894 1837 meum,

146 1853 226 1907 Vade
244 1873 298 1924 per
315 1856 499 1926 Hercynium
518 1857 650 1927 protensi
676 1858 803 1912 fluminis
823 1862 933 1930 Albim,

214 1947 305 2016 Cujus
324 1949 416 2000 habet
432 1950 520 2003 laevas
539 1951 641 2003 accola
659 1951 758 2004 Saxon
788 1971 894 2024 aquas3

144 2043 240 2109 Atque
258 2041 308 2092 ubi
326 2041 499 2109 transieris,
527 2059 663 2110 magnam
680 2043 831 2100 Brunonis
851 2050 885 2101 ad
908 2051 1033 2120 urbem,
1096 2118 1099 2125 ἢ

211 2132 249 2185 Et
267 2151 338 2201 vaga
356 2135 533 2202 Brunsvigio
553 2135 668 2188 subdita
686 2152 775 2204 regna
793 2139 870 2192 duci.

146 2224 263 2279 Lab'ere
282 2236 363 2279 trans
383 2228 466 2280 curvi
486 2228 629 2280 fruticosa
647 2228 753 2280 fluenta
775 2230 902 2298 Visurgi,

141 2336 144 2344 ’
214 2319 279 2392 Qua
297 2329 377 2372 tenet
397 2314 543 2373 arboreos
560 2320 723 2373 monticola
741 2322 854 2376 Hessus
874 2343 979 2393 agros,

143 2409 248 2478 Fagina
267 2413 373 2466 dehinc
393 2422 484 2466 restat
500 2413 648 2466 montosis
667 2413 742 2465 edita
760 2415 859 2483 silvis,

215 2504 279 2576 Qua
304 2507 385 2557 celer
404 2505 525 2558 ulvosas
543 2505 634 2557 Fulda
654 2507 783 2559 refundit
803 2525 910 2576 aquas:

146 2595 222 2648 Hine
239 2607 305 2666 pete
324 2596 433 2649 vitiferi
452 2597 533 2665 pigre
554 2595 650 2648 euntia
670 2597 787 2648 flumina
808 2599 915 2665 Maeni,

209 2689 330 2742 Francia
354 2688 508 2741 nobilibus
528 2705 584 2758 qua
600 2688 681 2755 jacet
699 2689 793 2756 ampla
811 2690 900 2756 viris,

141 2779 207 2849 lpse
226 2782 277 2834 tibi
295 2792 384 2835 notus
403 2782 488 2835 loeus
508 2792 567 2848 est,
593 2781 765 2833 Ludovicus
783 2782 834 2833 ubi
855 2799 955 2838 arcem

210 2874 355 2928 lluttenus
375 2875 498 2944 pulchra
518 2874 688 2928 conditione
708 2883 798 2927 tenet.

139 2964 263 3030 Dirige,
291 2967 400 3032 Musa,
429 2969 520 3037 pedes
544 2968 639 3034 istuc,
670 2966 859 3036 equitemque
881 2985 1021 3023 serenum

210 3058 319 3108 (Pristis
339 3058 403 3121 adi,
432 3058 576 3125 lacrymas
589 3071 697 3111 ⁴cernat
716 3070 747 3110 ut
764 3059 812 3111 ille
831 3070 906 3114 tuas.

139 3149 277 3203 Invenies
296 3148 411 3214 bijuges
431 3149 583 3215 agitantem
604 3150 632 3201 in
650 3150 772 3216 pulvere
791 3168 915 3216 currus,

208 3244 267 3291 Aut
286 3255 424 3308 premere
444 3250 587 3292 armatum
604 3252 685 3306 terga
704 3241 816 3306 fugacis
836 3242 913 3310 equi.

140 3335 335 3388 Tractantem
355 3332 474 3400 galeas,
505 3332 699 3401 gladiosque,
728 3341 756 3383 et
775 3333 886 3385 missile
907 3333 1013 3399 robur,

207 3427 385 3478 Versantem
405 3425 529 3478 hostiles
549 3425 649 3478 Marte
671 3425 787 3477 favente
807 3424 900 3478 vices.

142 3517 285 3589 Quidquit
304 3528 383 3585 agat,
410 3529 495 3589 pete,
523 3519 633 3584 Musa,
660 3516 775 3582 virum,
801 3527 868 3586 pete
892 3517 1029 3586 protinus
1049 3517 1155 3585 istum,

205 3611 294 3664 Nulla
313 3611 475 3664 verecundi
494 3611 573 3678 signa
593 3608 715 3679 pudoris
732 3608 857 3664 habens.

140 3701 254 3754 Viderit
271 3704 325 3756 has
344 3705 508 3773 lacrymas,
541 3703 778 3770 disturpatosque
799 3703 933 3770 capillos,

208 3796 321 3848 Viderit
339 3796 368 3848 in
387 3805 504 3850 teneras
524 3795 671 3863 unguibus
688 3791 749 3846 isse
768 3809 867 3858 genas.

141 3888 297 3954 Ingemet,
327 3899 356 3964 et
373 3890 469 3944 dicet:
503 3905 567 3960 quae
585 3896 694 3940 nostrae
713 3886 805 3953 gloria
823 3886 916 3953 gentis

213 3980 308 4034 Causa
324 3991 428 4035 movet
445 3983 529 4036 fletus
547 3990 607 4034 tam
630 3980 795 4050 impetuosa
811 3981 902 4033 tuos?
