2640 4634
203 398 262 448 cvr
365 371 641 446 Grabsehristen
665 372 740 445 und
763 370 1044 473 Erinnerungcn

207 616 211 627 ,
275 615 278 622 ,
352 569 454 648 Quem
468 586 537 628 mea
556 565 639 627 facta
658 563 730 630 licet
749 584 816 626 non
834 575 965 644 possent
983 567 1048 627 sola
1067 567 1190 642 levare,

352 669 429 748 Quae
448 679 552 728 tamen
570 665 643 727 huic
661 662 753 742 potui
772 665 937 727 commoda
955 664 1057 740 ferre,
1077 667 1143 727 tuli.

200 779 308 834 Mors.
350 765 571 848 (lucratione,
592 763 727 845 precor?
748 784 820 824 nam
836 775 871 824 tu
889 785 950 827 nec
962 784 1099 846 corpore
1117 769 1208 831 firmo

207 888 208 892 ’
348 869 417 930 Nec
435 867 569 928 fortunae
592 863 704 942 opibus
724 862 968 941 permetuendus
988 865 1081 926 eras?

200 982 290 1035 Hutt.
349 967 481 1030 Viribus
500 962 621 1046 ingenii
639 962 801 1043 praesentia
819 963 930 1025 damna
947 965 1105 1041 levabam,

351 1067 524 1148 Corporis,
543 1077 638 1147 atque
651 1063 717 1126 >isto
736 1062 864 1128 nomine
882 1062 974 1126 sortis
988 1086 1088 1127 eram.
1142 1118 1145 1125 a

347 1170 391 1247 Et
406 1186 477 1230 mea
491 1177 632 1247 raptores
650 1163 816 1245 fregerunt
831 1161 946 1240 scripta
965 1161 1127 1241 cinaedos,

254 1307 256 1311 -
350 1269 427 1330 Plus
447 1286 542 1349 quam
559 1264 641 1327 mille
661 1260 727 1325 aliis
748 1261 840 1324 ullius
859 1282 944 1326 arma
961 1264 1074 1327 modis.

348 1369 416 1430 Nec
431 1378 535 1427 tamen
548 1362 678 1425 imbellis
691 1362 814 1424 sueram
822 1406 830 1437 ‚
850 1382 910 1423 nec
923 1383 1058 1443 corpore
1076 1365 1210 1441 fractus,
1267 1416 1268 1421 ,

339 1467 494 1528 ‘Vulnera
511 1466 605 1526 multa
623 1462 714 1536 dedi,
734 1464 864 1524 vulnera
882 1464 977 1524 multa
995 1464 1061 1526 tuli.

350 1565 414 1627 Scit
434 1567 575 1627 Romana
593 1565 683 1636 lues,
700 1562 854 1624 bullarum
872 1563 963 1624 turba
980 1563 1129 1638 ministri,

350 1667 418 1726 Nec
437 1677 472 1727 tu
491 1675 584 1725 strate
604 1661 695 1736 mibi,
715 1662 803 1722 Galle
822 1663 979 1742 superbe,
1000 1669 1114 1746 negas!

352 1764 437 1845 Quid
454 1776 557 1824 tamen
577 1761 693 1824 infirmi
710 1762 784 1823 mihi
803 1762 946 1841 corporis
970 1761 1082 1844 objicis
1103 1765 1210 1826 artus?

348 1863 506 1926 Postremi
524 1861 634 1923 vitium
653 1863 802 1942 temporis
821 1862 898 1925 illud
917 1875 993 1943 erat.

347 1963 499 2026 Straveris
507 1973 539 2022 et
547 1962 685 2035 Gallum,
706 1973 737 2022 el
745 1964 924 2025 Romanum
932 1964 1067 2046 fregeris
1076 1967 1210 2041 hostem,

347 2066 478 2126 Fructus
499 2083 551 2138 es,
571 2074 603 2122 ct
618 2073 730 2125 stratus
743 2083 810 2124 non
824 2063 926 2127 minus
943 2063 1010 2146 ipse
1028 2065 1113 2127 mihi.

347 2163 548 2244 Principibus
577 2183 708 2245 quoque
738 2165 849 2227 charus
882 2184 987 2240 eram,
1033 2167 1091 2229 sed
1119 2169 1210 2246 plena

819 2318 821 2323 .
867 2267 1023 2327 malorum

350 2367 511 2451 Tempora
528 2386 595 2426 non
614 2375 687 2424 sunt
703 2366 765 2426 hoc
783 2386 873 2444 passa
890 2364 989 2427 fuisse
1009 2364 1075 2426 diu.

345 2464 398 2528 Nil
406 2485 529 2546 moror,
553 2477 588 2526 ut
600 2463 699 2527 fueris
715 2466 911 2529 charissimus
924 2456 1086 2541 omnibus,
1105 2467 1167 2528 hoc
1177 2477 1209 2528 te

346 2567 423 2629 Plus
443 2565 540 2627 iidem
556 2565 622 2626 sato
642 2565 867 2644 procubuisse,
892 2568 1011 2629 dolent.
1114 2634 1115 2637 Ἴ

346 2666 480 2729 Stultitia
489 2668 553 2726 haec
565 2665 713 2747 equidem
722 2666 904 2729 mortalibus
919 2666 1063 2727 omnibus
1074 2687 1137 2726 una
1151 2677 1209 2740 est,
1293 2687 1300 2703 ·

236 2824 239 2828 .
345 2769 406 2841 Ut,
427 2768 524 2849 quod*
536 2779 571 2828 tu
589 2766 707 2848 rapias,
727 2769 788 2839 hoc
805 2766 954 2844 periisse,
974 2775 1094 2845 putent.

345 2866 394 2927 Illi
412 2866 509 2947 igitur
526 2877 637 2928 nostro
657 2864 803 2928 funebria
822 2863 904 2945 justa
922 2866 1087 2942 sepulchro

348 2966 493 3040 Solverat,
519 2977 550 3027 et
568 2967 711 3043 lacrymis
730 2977 854 3028 mortua
873 2964 1011 3026 membra
1028 2963 1143 3046 rigent.

347 3065 406 3127 Me
426 3086 514 3140 mea,
535 3066 663 3128 stultitia
681 3085 826 3128 securum
844 3057 920 3129 fecit
937 3064 975 3124 ab
993 3063 1069 3141 ista,

348 3167 426 3251 Quae
445 3186 530 3234 nunc
551 3179 613 3243 est,
637 3165 698 3227 alio
717 3165 783 3228 vita
800 3165 908 3230 futrrra
926 3167 1010 3229 loco.

428 3437 473 3515 P·
515 3437 747 3508 Loricam
782 3428 977 3528 Inferii

313 3569 563 3674 Manibus
600 3574 916 3644 Hnttenica's
955 3570 1088 3642 late.

405 3729 522 3811 (carm.
543 3730 584 3791 n.
604 3731 645 3792 n.
666 3729 998 3814 p.173.Lip.s.1586.)

236 3876 404 3956 Adloquor
422 3871 554 3935 Huttcni
572 3874 705 3950 Manes,
744 3850 930 3956 cineresque
949 3877 1069 3949 Poe'tae,

296 3977 399 4054 rQuos
418 3971 524 4036 brevis
545 3969 579 4036 in
597 3973 716 4040 mediis·
727 3977 826 4042 insula
841 3975 957 4040 claudit
976 3975 1076 4060 aquis.

416 4202 442 4263 a
