2640 4634
493 414 775 515 Epigrammata.

316 610 384 683 De
423 610 624 696 fortuna
659 608 959 695 Venetorum,

244 771 371 854 Regina
387 774 544 836 fluctantia
562 776 628 838 haec
647 774 740 837 maris
759 790 890 858 potens,

243 871 349 936 Modo
368 875 517 955 superbia
535 886 679 951 tumens,
708 889 739 938 et
757 879 848 942 ebrio

243 973 370 1036 Sufflata
388 978 491 1050 cultu,
518 976 615 1052 bella,
645 977 878 1064 declinataque,

242 1074 410 1150 Amabilis,
439 1075 627 1156 spectanda,
658 1078 775 1142 florido
795 1091 888 1142 statu.

244 1172 390 1236 Huberta
409 1175 461 1237 cui
481 1176 574 1238 suere
596 1189 730 1254 cuncta,
763 1200 833 1262 qua
853 1198 924 1242 suas

246 1275 388 1340 Jactabat
406 1277 622 1340 immodestius
644 1301 738 1361 opes,
765 1279 859 1365 nigro

245 1377 341 1438 Sedet
359 1390 469 1456 paratu
489 1375 669 1457 lacrimans,
697 1401 758 1442 uec
776 1393 812 1443 ut
830 1380 932 1469 prius

247 1478 415 1558 superbit,
447 1498 503 1541 ora
527 1477 680 1564 squallido
701 1479 763 1543 situ
782 1476 894 1559 oblita,

131 1577 133 1581 ’
248 1580 345 1641 Genae
364 1599 425 1640 nce
442 1591 478 1640 ut
496 1582 599 1643 solent
617 1583 791 1658 tenellulae,
818 1600 878 1644 nec
897 1593 945 1643 est

246 1679 390 1741 Venusta
406 1679 514 1754 frons,
545 1679 638 1741 cessit
655 1680 803 1759 potentiae
822 1702 885 1742 suae
1023 1728 1027 1747 .

248 1781 400 1856 Throno,
426 1778 589 1864 sedetque,-
598 1779 784 1862 languidum
803 1783 890 1842 nullo
909 1791 1006 1863 eaput

244 1879 359 1944 Nitore
378 1880 544 1943 continens
565 1898 676 1954 manu,
708 1874 950 1969 soloucuiutun.¹

246 1980 374 2043 Putavit
392 1983 472 2044 hane
490 1978 550 2045 sibi
567 1980 651 2044 haud
669 1970 808 2061 ineptam
827 1998 918 2061 m,
929 1978 1033 2065 jocos

248 2078 287 2142 In
307 2101 370 2163 qua
393 2079 508 2143 rederet
528 2099 621 2157 suos,
650 2092 683 2144 et
703 2080 781 2146 orbi·
794 2078 962 2167 illm,

251 2179 337 2260 Quid
355 2202 422 2243 non
440 2181 497 2244 tibi
517 2181 612 2244 licere
632 2179 734 2246 credis
752 2166 899 2273 Animi

248 2282 326 2363 Quae
346 2303 414 2344 non
432 2285 515 2346 soles
535 2283 668 2347 miscere
687 2296 835 2364 supinat!
850 2282 993 2353 infinit?

582 2461 723 2479 m

425 2591 490 2665 Ad
522 2590 866 2691 Bononiensela.

139 2741 192 2804 Tu
212 2758 298 2804 nunc
317 2737 512 2826 Sequanicos
532 2741 641 2806 mirata
661 2743 808 2806 Bononia
826 2745 967 2808 Francos

214 2843 369 2907 Omnibus
389 2847 558 2908 acclamans
578 2864 695 2927 pompa
714 2844 853 2908 obcunte
873 2845 944 2909 viis.

139 2944 260 3007 Plaude
288 2946 438 3026 quidem,
467 2956 679 3041 ponppamque
706 2967 791 3008 nova
815 2943 990 3010 victoribus
1016 2943 1099 3023 istis,

214 3043 257 3102 Et
279 3042 425 3106 dominos
446 3036 552 3108 Gailo's
572 3046 640 3122 fer,
666 3043 877 3129 dominosque
897 3067 995 3131 voca,

84 3204 86 3211 A
141 3141 264 3201 Verum
283 3142 358 3202 atios
378 3140 518 3205 Francos
538 3144 599 3206 alio
619 3144 786 3205 Germania
805 3133 932 3223 plausu,

216 3244 289 3305 Heu
306 3262 440 3319 vereor,
465 3263 507 3305 ne
524 3255 557 3304 te
577 3264 643 3307 non
665 3242 812 3322 cupiente
833 3240 927 3305 dabit.

576 3421 717 3439 mundun-

200 3563 266 3634 De
299 3567 524 3631 conventu
548 3549 850 3652 Bononiensi,
874 3552 937 3641 ,ad
961 3555 1103 3635 Italos.

144 3720 230 3798 Quid
251 3729 283 3781 te
303 3718 384 3782 adeo
406 3736 506 3803 genus
525 3738 598 3782 acre
621 3714 748 3794 virum,
780 3719 856 3803 quid
876 3724 907 3782 te
926 3719 1004 3784 Itale
1030 3737 1159 3805 pugnax

219 3820 263 3881 Hi
282 3815 397 3900 passim
416 3821 558 3901 plausus,
591 3819 713 3904 istaque
732 3841 849 3901 pompa
866 3815 999 3887 iuvant?

142 3920 217 3981 Non
236 3939 375 4002 quorum
394 3921 530 4002 adspirat
548 3914 650 4001 primo
669 3922 799 3984 fortuna
817 3921 934 3996 labori,
1014 3934 1023 3949 ·

200 4018 384 4084 'Continuo
404 4022 515 4084 invicti
533 4020 659 4084 roboris
678 4034 747 4086 ane
764 4032 850 4102 puta.

176 4158 242 4206 nun.
261 4162 304 4220 op.
324 4162 351 4208 r.
369 4159 388 4226 1.
416 4197 418 4202 .
780 4133 821 4199 13
