2640 4634
628 140 641 163 ⁴
672 148 696 183 Ι.

470 382 766 529 Epigramffbtpq

434 586 509 666 ns
550 528 777 664 sanun.

97 755 158 824 Dic
175 752 268 834 mihi,
293 767 399 819 sancte
419 766 526 835 pater,
545 753 677 816 eoelestis
696 751 815 830 ianitor
833 755 929 834 aule,

173 859 236 922 Cui
256 859 377 941 geritur
399 876 524 918 summae
544 845 708 937 religionis
728 871 820 934 apex.

99 961 163 1043 Qui
182 963 289 1041 Reges
309 956 412 1040 regis,
432 969 526 1041 alque
546 960 630 1020 loeas
649 959 835 1039 relocasque
858 959 1042 1036 Tyranms,

175 1060 239 1140 Qui
258 1070 339 1120 nutu
359 1056 455 1119 solvis
476 1069 608 1133 cuncta,
627 1053 771 1141 ligasque
794 1068 862 1119 tuo.
961 1084 964 1091 ·

100 1153 163 1244 Qui
182 1172 304 1220 sanctos
325 1158 420 1232 lacis,
442 1169 473 1220 et
493 1157 544 1219 cui
556 1158 698 1240 *contigit
717 1176 786 1218 esse
805 1156 900 1220 besto

175 1261 258 1322 Ante
279 1260 416 1334 obitum,
438 1259 494 1342 qui
513 1278 571 1320 nos
592 1270 664 1319 ante
684 1257 870 1342 obitumque
890 1258 996 1335 hersf
1090 1271 1093 1277 '

102 1361 187 1443 Quid
205 1354 262 1420 tibi
281 1359 461 1423 bombardis
483 1378 564 1440 opus
586 1359 653 1421 est?
680 1355 758 1442 quid
778 1357 935 1443 equisque
955 1354 1122 1444 virisque?

178 1463 319 1541 Quaeque
339 1482 423 1522 arma
442 1461 546 1540 praeit,
579 1483 648 1543 quae
667 1461 877 1545 sequiturque
894 1455 1032 1523 marius?-

102 1560 332 1641 Hastarumque
353 1561 413 1622 ista
432 1573 558 1643 segete,
591 1572 686 1642 atque
705 1562 908 1624 horrentibus
930 1561 1047 1628 armis?

179 1658 264 1740 Quid
284 1660 425 1720 cinctura
445 1678 526 1738 opus
547 1671 595 1721 est
614 1662 691 1734 hae,
723 1661 899 1742 gladiisque
919 1662 999 1722 tibi?

104 1760 217 1824 Omnia
236 1759 312 1842 quid
333 1759 427 1821 trahis
447 1759 530 1834 haec,
559 1769 612 1821 aut
632 1779 690 1821 eur
708 1758 900 1820 sanctissime
920 1771 1008 1822 tanto

177 1860 257 1921 Belli
278 1879 375 1939 opere
397 1875 562 1942 expugnas
583 1859 714 1938 oppida,
747 1870 861 1933 eastra,
892 1858 1030 1921 domus?

105 1961 218 2021 Nonne
238 1980 332 2020 manu
352 1971 494 2038 poteras,
520 1961 655 2020 tremulo
676 1959 767 2022 simul
793 1980 872 2034 ore,
899 1961 1004 2019 levata

180 2061 249 2120 Hos
273 2060 349 2120 (lare
368 2058 437 2122 Diis
458 2055 563 2122 subito
584 2058 744 2133 manibus,
763 2060 887 2142 hosque
907 2054 1002 2121 Deo?

108 2157 204 2221 Certe
225 2180 333 2222 omnes
355 2160 444 2223 Petri
464 2161 599 2235 similes,
621 2160 751 2221 aliterve
769 2160 911 2240 probatis

162 2261 348 2334 Moribus,
367 2263 432 2323 haee
451 2272 585 2342 possunt
605 2261 710 2323 omnia
729 2256 913 2324 Ponlillces.

108 2360 193 2439 Quid
213 2360 329 2434 dicam,
350 2382 390 2421 an
410 2363 561 2443 quoniam
580 2362 685 2422 malus
698 2381 749 2434 es,
771 2361 887 2421 diffisus
908 2371 938 2420 et
959 2354 1050 2421 armis
1145 2394 1149 2405 ·

182 2457 390 2533 Pontificum,
410 2472 442 2519 et
461 2477 599 2539 praeeeps
620 2459 734 2521 Martis
753 2459 786 2518 in
807 2479 890 2519 arma
907 2458 997 2519 ruis?

110 2560 139 2621 Ο
160 2559 193 2619 in
213 2569 244 2616 te
264 2569 402 2617 erratum
420 2559 573 2617 mundum
580 2598 589 2631 ,
611 2554 682 2638 qui,
703 2578 774 2615 cum
793 2554 852 2617 ista
869 2557 1014 2635 facessis,

187 2658 261 2718 Non
280 2655 367 2717 videt
387 2677 404 2717 a
422 2656 510 2717 Petri
530 2667 562 2716 te
581 2657 694 2736 procul
713 2673 782 2714 esse
800 2649 862 2716 via.

548 2871 690 2891 fich—H

190 3043 250 3121 Ad
277 3049 516 3141 Caesarem,
556 3044 608 3122 de
643 3043 893 3126 Germaniae
927 3059 966 3124 st
1001 3063 1058 3129 tua

120 3215 255 3296 Quando
277 3215 337 3276 erit
355 3227 391 3276 ut
410 3218 516 3277 lumen
537 3217 705 3278 Gennunia
725 3230 814 3296 capta
832 3203 986 3296 resumat,

104 3369 106 3373 .
194 3316 277 3377 Hinc
297 3317 431 3377 Romam
451 3327 486 3376 ut
506 3316 610 3377 videat
630 3327 729 3398 seque
748 3338 904 3402 suumque
925 3315 1026 3384 trahi?

121 3416 259 3500 Quando
280 3417 354 3490 erit,
375 3428 410 3476 ut
430 3416 547 3491 bullas,
568 3437 712 3498 auroque
731 3418 868 3496 parabile
888 3422 1048 3499 plumbum
1144 3424 1145 3428 ’

196 3515 283 3580 Orbe
305 3510 414 3599 aliquis
435 3517 531 3577 vendi
550 3526 672 3590 cernat,
695 3516 820 3598 emique
841 3519 924 3582 alio?
1042 3516 1044 3518 ’

123 3619 188 3682 Aut
206 3628 260 3677 tu'a
277 3627 453 3694 perpetuo,
474 3616 563 3697 quod
581 3633 666 3676 nuno
687 3616 855 3679 Germania
875 3618 997 3697 caesar,

198 3716 388 3780 Ludibrium
408 3717 516 3776 Romae
535 3715 710 3793 diripientis
731 3711 814 3778 erit?

127 3816 213 3896 Quin
231 3816 341 3876 mundi
360 3815 542 3901 imperium,
574 3825 606 3874 et
631 3827 724 3894 caput
742 3816 804 3877 hoo
822 3820 933 3881 mundi
951 3813 1139 3903 imperiique

202 3916 294 3992 (Nam
312 3935 441 3996 possum
459 3914 543 4003 baud
561 3913 645 3973 aliud
664 3908 770 3976 dicere
777 3918 800 3992 ‚)
821 3919 923 3980 Roma
941 3931 997 3978 tua
1016 3933 1072 4002 esu

569 4032 709 4050 μὴ’-ι-ιι-ιή
