2640 4634
408 378 413 387 ·
451 359 498 408 an
522 314 672 408 Hutten·
687 339 757 406 etc.
810 342 831 389 -·-·'

95 538 179 602 Illius
199 531 352 608 Hutteni,
380 530 432 592 cui
452 548 512 591 nec
530 537 675 609 prestare
694 525 845 588 matellam
905 557 909 569 =

169 635 293 718 Dignus
314 655 363 709 es,
396 642 448 693 aut
466 650 584 711 porcos
603 646 733 708 pascere
754 620 946 686 Buchonios.

97 741 139 802 Ut
159 739 239 798 solet
257 734 291 794 in
312 753 428 814 spurco
447 728 597 803 meretrix
618 726 674 790 tibi
693 724 816 788 fornice
835 714 944 798 docta,

173 833 237 924 Qui
255 834 337 896 bene
357 852 423 894 non
442 826 551 892 didicit
571 828 616 892 sic
634 824 797 890 maledicta
814 822 923 888 vomit.
1024 814 1027 822 ’

522 1006 688 1023 Μ

212 1128 394 1217 Joann.
428 1138 689 1222 Fabricius
719 1139 994 1210 Montanus.
1080 1128 1083 1135 ’

33 1262 40 1275 “
97 1267 241 1360 Epitaph.
257 1278 370 1338 Huldr.
383 1273 515 1337 Hutteni
526 1275 621 1337 Po'e't.
634 1286 666 1335 et
678 1276 739 1356 Eq.
751 1270 876 1346 Franci,
890 1270 945 1352 qui
957 1271 991 1332 in
1000 1273 1113 1330 Insula

175 1385 264 1437 lacus
281 1381 451 1455 Tiqurint,
473 1377 616 1448 Usnaoia
634 1380 739 1447 dicta,
766 1372 861 1434 hodie
882 1393 899 1434 a
917 1369 1115 1434 doctioribus

171 1476 303 1539 Hutteni
323 1476 428 1537 Insula
447 1485 645 1552 nuncupata,
666 1476 806 1554 sepultus
831 1483 887 1534 est.

99 1606 174 1666 Haec
192 1601 388 1684 quicunque
401 1598 461 1660 cita
479 1599 621 1661 decurris
640 1611 748 1682 stagna
768 1597 889 1672 carina,

174 1699 272 1763 Ponis
292 1711 325 1760 et
341 1701 407 1761 'hoc
426 1709 536 1761 nostro
555 1698 662 1760 littore
684 1699 769 1761 forte
789 1697 914 1777 pedem,

103 1800 241 1881 Imperio
265 1797 310 1858 sic
330 1819 406 1859 aura
425 1808 498 1873 tuo,
525 1798 570 1859 sic
592 1810 700 1879 pareat
717 1798 818 1860 unda:

176 1899 335 1980 Perlege,
369 1920 438 1980 quae
459 1916 537 1959 saxo
557 1899 693 1960 carmina
712 1901 832 1977 sculpta
850 1896 950 1957 vides.
1034 1926 1037 1931 ·
1091 1894 1096 1919 ³

102 2003 173 2062 Hoc
192 1999 345 2089 Equitum
364 1999 485 2075 decus,
514 2001 576 2061 hoc
596 2001 713 2061 Vatum
733 1996 908 2059 Germanice
928 1993 1056 2058 ocellus.

176 2070 354 2174 H‘uttenus,
383 2097 474 2179 jaceo
495 2100 641 2163 conditus
660 2100 693 2161 in
712 2100 844 2159 tumulo.

79 2234 81 2239 ·
103 2196 237 2281 Ingenio
257 2198 433 2282 dextraque
453 2211 588 2278 potens,
617 2201 693 2262 dum
712 2198 776 2260 vita
794 2196 953 2270 manebat,

179 2296 345 2360 Musarum
364 2298 455 2376 simul
474 2310 507 2359 et
526 2286 638 2362 Martis
658 2303 799 2360 alumnus
819 2317 887 2358 ero.
963 2332 984 2371 ·,

107 2395 210 2459 Caesar
228 2398 397 2478 Apollinea
420 2399 520 2460 cinxit
537 2420 606 2462 mea
625 2411 768 2479 tempora
785 2401 894 2469 iaur03

179 2498 266 2558 idem
285 2518 344 2576 pro
366 2497 484 2559 meritis
504 2500 629 2559 Nomen
649 2510 797 2581 equestre
817 2495 913 2557 dedit.
982 2478 988 2493 ’

107 2597 193 2676 Saepe
213 2596 315 2658 bonos
336 2608 456 2657 mutare
474 2600 576 2658 solum
595 2599 724 2659 fortuna
742 2596 864 2677 coe'git,

181 2698 301 2780 Magna
321 2697 436 2779 quibus
456 2697 563 2776 patriae
582 2719 673 2778 poena
693 2716 800 2759 carere
819 2693 896 2755 fuit:
926 2704 948 2735 *ι

108 2797 166 2858 Ast
184 2817 253 2857 mea
272 2817 338 2858 non
358 2797 418 2859 alio
440 2809 558 2859 tantum
577 2819 611 2858 se
630 2797 723 2879 jactat
746 2798 871 2859 alumno

181 2894 334 2972 Francia,
366 2918 426 2959 nec
445 2898 564 2962 meritis
585 2909 633 2961 est
651 2899 730 2960 male
750 2906 842 2978 gnata
859 2892 947 2958 meis.

111 2995 217 3076 Aeger
237 2994 276 3055 ad
294 2997 348 3058 has
368 2997 443 3058 veni
464 3001 584 3079 legatus
605 2996 736 3060 Caesaris
759 3017 846 3069 oras,

185 3097 291 3172 Quum
310 3116 360 3157 me
379 3117 464 3158 mors
485 3099 556 3159 alias
579 3097 670 3177 jussit
689 3097 769 3158 inire
790 3097 868 3156 vias.

111 3192 193 3254 Ante
212 3188 378 3273 sepulture
399 3195 533 3257 serviret
550 3198 736 3278 utangulus
757 3176 834 3266 iste,

187 3295 288 3373 Quam
306 3314 471 3369 morerer,
502 3293 597 3356 sociis
617 3293 705 3373 jussa
722 3311 868 3372 suprema
887 3289 970 3352 dedi.

112 3391 254 3454 Assiduis
274 3393 330 3454 ubi
351 3416 401 3456 me
422 3396 568 3476 lugerent
586 3393 761 3473 planctibus
782 3391 891 3464 undae,

186 3493 226 3552 Et
245 3505 408 3574 gemerent
426 3494 526 3573 plenis
546 3493 636 3577 signu
655 3494 761 3554 refusa
783 3490 880 3554 vadis.

113 3591 265 3672 Sertaque
284 3605 451 3655 vernarent
471 3597 591 3656 tumulo
613 3592 717 3655 nativa
736 3593 794 3654 sul)
814 3591 905 3673 ipso:

188 3692 229 3751 Et
249 3695 388 3773 querulae
408 3706 557 3756 canerent
576 3694 681 3756 flebile
702 3717 826 3777 semper
844 3714 928 3756 aves.

113 3789 221 3862 Vade,
256 3793 313 3853 sed
335 3793 495 3863 aelmonitu
514 3794 630 3870 nostri,
660 3818 731 3877 spes
751 3797 900 3859 contrahe
919 3806 1060 3857 nostras.

189 3892 263 3970 Quo
283 3890 410 3954 minime
431 3893 549 3969 credis,
575 3907 656 3981 stant
674 3909 728 3959 tua
747 3897 829 3972 fato,
855 3900 939 3959 loco.

1259 1981 1269 2008 t
