2670 4628
456 370 714 500 Panegyricus.

83 596 206 670 Aegypti
225 599 375 666 domitor,
404 614 508 652 vanarn
528 597 591 650 sine
608 596 722 649 viribus
739 592 815 647 iram
904 638 908 645 .

82 691 188 747 Discat
207 693 308 747 Turca
327 709 437 764 rapax,
466 708 556 743 nemo
574 700 696 761 torpere
713 690 834 741 feroces

83 786 249 838 Suevorum
260 786 414 856 populos,
440 793 468 837 et
484 784 613 837 Francus
631 762 739 835 diiterit
754 780 858 833 urbes.

81 877 168 930 lilum
193 878 257 929 haec
284 878 447 943 dicentem,
478 887 565 947 utque
579 860 745 929 'addentem
769 872 903 945 pondera
926 868 1047 939 verbis,

83 970 282 1023 Circumstant
294 971 440 1037 juvenes,
470 968 494 1022 si
514 984 603 1037 quem
623 964 828 1037 prestantibus
847 965 920 1017 actis

79 1060 177 1128 Pingit
196 1062 287 1114 avitus
305 1062 424 1127 honor,
453 1062 661 1131 stimulantque
679 1059 803 1113 inbelle
821 1058 949 1127 priores.

80 1154 241 1222 Nunquam
261 1155 377 1224 aliquod
396 1154 493 1223 gavisa
511 1153 603 1221 magis
621 1150 784 1209 Germania
801 1150 929 1203 verbum

80 1247 195 1313 Audiit,
225 1249 375 1317 extemplo
397 1263 529 1300 summas
549 1247 701 1300 exercitus
722 1246 801 1314 alpes

80 1339 176 1393 Rheni
198 1339 233 1392 ab
252 1352 375 1410 utraque
394 1340 465 1409 petit
484 1339 564 1408 ripa,
594 1338 718 1391 victoria
736 1339 848 1391 fractus

79 1432 179 1487 Prima
198 1433 317 1486 rebellis
337 1432 437 1499 Otho,
466 1443 537 1484 tune
556 1432 637 1499 signa
656 1442 755 1483 erecta
772 1426 869 1483 ruenti

79 1525 230 1578 Auxilium
248 1525 340 1577 latura
362 1525 456 1589 Asiae,
482 1524 578 1576 viden'
598 1524 717 1593 auspice
737 1522 877 1587 Christo,

78 1619 116 1671 Ut
135 1630 218 1687 paret
236 1617 263 1668 in
283 1617 416 1681 bellum,
440 1626 520 1668 tento
539 1626 584 1668 tot
601 1616 691 1667 millia
708 1616 814 1668 motu?

80 1709 243 1782 Quodnisi
264 1718 444 1777 conceptum
463 1716 631 1760 remoretur
649 1706 801 1759 Honorius
821 1720 943 1771 ausum,

78 1802 161 1876 Quas
180 1802 219 1855 illi
241 1802 418 1866 Armenias,
449 1815 526 1869 quos
545 1815 636 1868 posse
655 1797 794 1849 resistere
814 1797 948 1863 OE'urcaS,

79 1895 216 1966 Quemve
235 1905 319 1962 putas
338 1894 427 1963 Syriae
444 1892 617 1945 dominum?
654 1890 789 1943 Sultanus
808 1889 844 1941 ab
866 1889 914 1942 illa

78 1988 243 2041 Commoda
264 1987 312 2040 lite
333 1987 444 2051 refert,
474 1994 654 2053 vincuntque
673 1983 797 2050 ingentia
819 1999 908 2050 regna

76 2081 225 2133 Immunes
244 2080 358 2149 Scythae
377 2078 500 2148 populi,
529 2088 560 2130 tu
578 2094 657 2148 pone
678 2080 831 2143 furorem,

75 2173 161 2226 Pone
179 2173 254 2227 iras.
284 2173 444 2241 odiumque
468 2173 541 2225 istud
560 2172 746 2225 sanctissime
764 2170 858 2227 differ.

76 2265 172 2320 Officii
192 2281 310 2317 cessare
331 2266 394 2333 tui,
421 2275 451 2317 tu
471 2265 625 2318 excindier
644 2282 726 2319 arma

77 2359 220 2411 Saracena
238 2361 342 2411 vetas?
372 2358 464 2427 recipi
482 2369 526 2410 tot
544 2375 651 2424 regna,
676 2366 721 2409 tot
738 2356 853 2409 urbes?

79 2450 135 2500 Aut
153 2464 285 2516 quaenam
305 2449 411 2501 invidia
431 2460 493 2514 est,
522 2466 644 2501 cursum
667 2450 783 2501 tardare
809 2446 929 2501 ferentis

75 2538 111 2593 In
128 2554 289 2590 commune
307 2538 423 2590 bonum
440 2549 586 2590 tantarum
604 2540 723 2607 praemia
742 2538 882 2591 laudum?

75 2632 139 2684 Hac
156 2630 296 2680 mercede
314 2638 370 2681 tuae
388 2629 465 2682 nolis
488 2631 657 2682 concedere
677 2646 782 2682 causae.

75 2723 122 2777 Te
146 2723 276 2774 fraudata
295 2732 392 2774 tamen
417 2738 524 2789 regna,
554 2721 724 2790 auxilioque
744 2727 873 2774 retracto

73 2814 195 2869 Deserti
213 2831 317 2882 reges,
343 2824 466 2882 urgente
485 2815 591 2867 dolore
609 2814 790 2885 superbum,

75 2908 292 2976 Crudelemque
311 2917 439 2975 vocant,
464 2909 528 2977 jam
547 2909 641 2962 classe
660 2907 845 2977 perambulat
861 2906 954 2960 heros

72 3000 218 3053 Adriacos
236 3001 358 3065 fluctus,
381 3000 444 3067 jam
465 3001 584 3056 Graeeia
602 3003 707 3069 gaudet
732 3011 761 3053 et
779 3014 889 3069 anceps

72 3095 172 3157 Ante,
200 3101 312 3142 metum
331 3092 414 3160 pellit
432 3093 553 3146 Thrace
563 3132 573 3158 ,
597 3104 630 3144 tu
648 3093 773 3146 retrahis
791 3107 873 3147 arma

72 3180 221 3251 Auspiciis
239 3183 373 3235 ducenda
391 3183 458 3237 tuis.
496 3184 575 3257 Quid
594 3185 675 3255 quod
692 3184 886 3237 benefactum

71 3272 144 3328 Non
163 3274 261 3327 scelus
280 3289 346 3327 esse
361 3274 473 3343 jubes?
509 3277 584 3328 redit
604 3277 672 3344 ille,
704 3277 871 3346 infectaque
888 3273 994 3346 linquit

73 3365 203 3418 Crimine
222 3365 300 3419 bella
318 3377 389 3430 tuo,
416 3376 597 3438 testaturque
619 3369 718 3422 omnia
733 3371 820 3437 jura,

70 3457 109 3511 Et
127 3459 171 3512 fas
192 3474 300 3525 omne,
330 3476 495 3530 omnesque
511 3462 615 3529 Deos,
641 3462 843 3533 pulcherrima
864 3470 959 3535 coepta

70 3551 181 3605 Invidia
200 3562 312 3605 cassata
330 3562 396 3620 tua,
425 3562 496 3606 tunc
517 3554 605 3608 factio
624 3554 714 3609 tristis

70 3642 205 3714 Implieat
226 3644 358 3711 ltaliam,
385 3655 489 3699 movet
505 3647 562 3701 hac
583 3663 597 3700 a
615 3657 698 3716 parte
717 3647 845 3713 tuendo,

72 3735 220 3789 Caesareas
238 3737 397 3793 Gibelinus
416 3755 509 3808 opes,
536 3740 588 3793 sed
606 3738 764 3808 Guelphus
782 3738 818 3792 ab
838 3739 886 3792 illa

70 3826 247 3882 Pontificem
265 3832 415 3900 sequitur,
446 3832 544 3885 socias
562 3847 657 3902 pugna
676 3831 787 3901 excipit
804 3830 913 3897 urbes,

70 3919 241 3973 Occursum
261 3922 400 3991 Venetis,
426 3938 524 3979 arcete
543 3923 719 3995 paludibus,
747 3921 861 3993 inquit,

67 4011 223 4080 Euganeas
242 4029 347 4083 ranas,
373 4017 614 4089 piscatoremque
639 4018 778 4084 leonem,
