2640 4634
457 365 740 470 Epigrammata.

94 570 150 632 Ille
169 568 296 650 inquam
316 558 444 648 gladiis,
474 575 569 646 atque
589 563 753 625 occidente
772 555 878 643 sagitta
891 556 898 632 ἶ

170 671 212 729 Et
232 682 314 729 terra
332 664 477 746 populis,
508 679 540 726 et
560 663 745 726 metuendus
764 665 868 746 aquis,

96 769 159 852 Qui
180 769 320 830 trumbus
339 785 431 848 reges
451 779 602 827 terrarum
622 763 768 826 iuvexuit
792 766 896 839 armis,

171 868 235 948 Qui
255 882 368 929 tetrum
387 864 491 926 excito
512 865 597 928 saevit
615 867 649 926 in
670 866 749 926 orbe
770 868 891 927 malum.

95 967 150 1032 Illa
169 983 218 1032 tot
236 968 405 1030 exitiorum
427 983 459 1028 et
477 967 552 1029 tanti
573 953 708 1029 criminis
728 987 837 1040 autor,

172 1072 246 1150 Quo
268 1089 302 1130 sa
321 1087 391 1129 cum
410 1066 535 1146 populis
555 1067 738 1129 imminuam
746 1067 869 1140 «lusu,

96 1168 225 1252 Quique
245 1189 356 1243 manu,
386 1167 507 1249 qniiqua
526 1166 656 1249 ingenio
676 1167 744 1229 (lira
765 1166 867 1228 omnia
888 1180 1000 1246 patrat,

171 1271 267 1331 Natus
286 1267 503 1332 inhumanum
523 1266 617 1345 pestis
636 1267 746 1329 acerba
766 1286 875 1349 genus.

96 1368 197 1434 Cuius
220 1389 299 1448 opus
319 1387 402 1430 mors
422 1381 487 1441 ast,
520 1368 713 1448 turpissimus
734 1367 802 1429 ocia
822 1369 931 1440 luxus,
952 1406 956 1420 ·

172 1469 236 1550 Qui
254 1489 361 1549 pacem
381 1467 500 1529 cunctis
520 1467 661 1542 abstulit,
693 1467 895 1541 armadedit,

97 1573 152 1647 llle
174 1567 300 1650 inquam
320 1569 384 1630 talis
404 1586 475 1628 cum
493 1567 557 1629 vita
577 1583 609 1630 et
633 1569 770 1629 moribus
792 1578 894 1642 extet,

172 1664 331 1731 Dissimilis
350 1663 497 1738 Christo,
532 1661 746 1743 dissimilisque
768 1664 878 1727 Petro.

98 1765 184 1853 Quid
208 1767 302 1841 lacit,
332 1780 385 1828 aut
406 1761 485 1842 quid
503 1763 612 1838 habet,
645 1764 734 1841 quod
753 1765 877 1828 landem
896 1748 1119 1845 dicere'p'oesis

174 1868 314 1949 Dignum
332 1863 467 1929 Romani
487 1863 614 1926 nomine
634 1862 818 1943 pontilicis?

543 2079 685 2103 ω

316 2257 382 2336 De
416 2251 749 2360 indulgentiis
782 2253 908 2335 Julii.

102 2421 226 2491 Fraude
247 2431 329 2508 capit
348 2436 448 2493 tutum
469 2441 621 2492 mercator
640 2430 741 2492 Julius
766 2428 892 2504 urbem,

177 2527 299 2587 Vendit
319 2529 401 2589 enim
423 2531 550 2603 coelos,
576 2547 643 2588 uon
664 2529 757 2588 habet
772 2528 839 2606 ipse
860 2546 970 2592 tamen.

102 2624 218 2688 Vende
235 2625 306 2686 mihi
322 2627 411 2704 quod
422 2625 515 2687 hahes
524 2666 533 2700 ,
552 2642 698 2702 namquo
713 2626 836 2705 pudor,
856 2641 893 2691 ut
909 2629 981 2691 mihi
994 2623 1121 2704 vendas,
1211 2640 1214 2645 '

179 2726 282 2805 Ipsum
302 2741 332 2788 te
353 2725 416 2790 Juli
435 2724 524 2787 euius
544 2743 641 2807 egere
660 2725 759 2787 vides.

104 2819 191 2905 Quin
210 2825 277 2888 fara
297 2827 485 2890 centimanus
505 2826 620 2889 emittat
640 2840 721 2889 terra
742 2825 906 2910 Gigantes,

178 2926 279 2988 Julius
298 2930 429 3007 expulso
452 2921 567 2991 vendat
585 2940 622 2989 ut
642 2943 720 2990 astra
739 2924 833 2991 Jove.

106 3022 219 3086 Donec
237 3024 319 3084 enim
341 3028 447 3086 coelos
466 3026 540 3088 alius
559 3027 659 3108 regit,
691 3042 723 3089 et
748 3028 843 3090 donat
862 3027 952 3104 inde,

183 3082 257 3184 llon
277 3141 339 3203 ego
360 3135 417 3199 ¹tam
440 3122 542 3205 magui
561 3118 697 3186 muneris
716 3137 816 3188 emtor
832 3128 904 3188 erui

551 3334 650 3355 ,,

452 3508 522 3588 De
566 3507 768 3645 ⁶³⁸l3¹¹¹⁰

108 3677 201 3747 Nunc
220 3690 284 3765 ugo
304 3691 416 3765 terque
437 3695 547 3761 quater
564 3697 705 3748 ventura
726 3688 838 3771 gaudia
857 3680 945 3766 vilae,

185 3784 227 3844 Et
246 3783 406 3860 quadam,
434 3801 502 3861 qua
523 3802 589 3854 sum
607 3785 662 3848 vix
683 3786 857 3865 habiturus,
887 3792 959 3854 emi.

111 3878 229 3960 Accepi
248 3882 339 3944 toties
360 3881 493 3957 tabulas,
520 3885 727 3966 impressaque
747 3906 825 3950 cerae

182 3982 332 4058 Nomina,
364 3983 422 4046 sed
442 3996 560 4049 tantum
578 3987 706 4052 nomina
724 4010 796 4052 cum
814 3990 935 4053 tabulis.
1029 3963 1030 3967 Ἰ

146 4113 209 4164 mit.
228 4119 272 4178 op.
290 4121 317 4168 a.
335 4123 354 4169 1.
748 4099 789 4166 15
