2640 4634
562 380 709 475 §Querel
735 379 756 449 l
781 375 824 448 Il

480 771 756 887 Elegia
813 757 896 855 vl:

346 983 410 1059 Ad
446 979 477 1055 l
518 983 714 1053 Crotum
751 976 1040 1066 Rubianum,

467 1101 915 1200 mafflswumsuum.

192 1419 301 1509 Notus
321 1458 405 1495 amor
423 1441 518 1494 nostri
537 1448 705 1508 tentataque
726 1439 837 1491 foedera
855 1439 932 1491 votis

118 1524 123 1529 ”
259 1537 314 1592 Me
338 1548 451 1587 sortem
469 1534 547 1586 hanc
570 1532 657 1584 variis
677 1531 825 1583 insinuare
839 1531 957 1599 jubent.

194 1625 269 1702 Quis
289 1626 356 1680 velit
374 1625 541 1695 hospitibus
560 1623 746 1694 peregrinam
767 1624 924 1677 ostendere
944 1622 1097 1691 fraudem,

261 1723 320 1773 Aut
337 1719 470 1784 cladem,
489 1735 546 1787 qua
563 1725 594 1768 tu
612 1716 652 1769 nil
670 1732 833 1783 moveare,
853 1717 960 1786 queri?

192 1807 251 1867 vix
270 1811 355 1864 etiam
371 1810 436 1863 haec
454 1825 543 1875 veros
565 1808 704 1876 lacrymis
724 1808 844 1860 inducet
864 1809 995 1878 amicOS,

260 1904 299 1957 Ut
317 1904 394 1956 solet
413 1921 427 1955 a
449 1903 564 1956 flamma
584 1900 770 1971 proximiore
789 1901 908 1958 domus.

191 1993 292 2064 Ecce,
311 1998 393 2049 sedet
411 1997 576 2064 Musasque
596 1993 689 2059 inter,
707 1993 911 2062 pulchrosque
929 1994 1066 2062 laborer,

260 2088 298 2142 Et
317 2088 410 2142 nostri
430 2104 532 2145 curam
553 2087 663 2139 Crotus
683 2086 796 2139 amicus
814 2086 914 2139 habet.

194 2179 270 2234 Huic
288 2178 358 2232 nihil
377 2179 438 2232 hoc
456 2187 519 2233 toto
539 2179 647 2234 semoti
667 2178 842 2249 scripsimus
864 2194 957 2246 anno,

261 2273 387 2339 Ignaro,
405 2289 469 2342 quae
491 2288 540 2324 me
559 2271 667 2323 nutriat
686 2289 738 2346 ora
756 2287 881 2340 vagum3

193 2365 317 2433 Ignaro,
341 2382 397 2434 qua
416 2375 497 2417 sorte
518 2364 617 2430 fruar,
636 2354 744 2433 quihbs
761 2374 827 2417 utar
846 2365 967 2436 amicis,

260 2457 299 2516 Et
317 2466 415 2510 tamen
433 2457 462 2509 in
486 2472 572 2508 casus
592 2438 759 2510 aestuafille
780 2473 877 2511 meos.

193 2549 243 2603 Dii
263 2549 314 2602 tibi
333 2558 444 2602 tantum
464 2549 593 2604 animum
611 2550 736 2603 meliora
756 2551 784 2604 in
803 2560 938 2621 tempora
958 2559 1096 2618 servent,

263 2640 321 2714 Qui
340 2650 444 2711 potes,
466 2660 503 2709 0,
522 2644 633 2697 nostris
653 2642 846 2697 condoluisse
865 2643 966 2696 malis!

194 2732 261 2788 Nec
280 2742 365 2786 vetus
387 2734 497 2790 oblitus
518 2736 639 2789 fraterni
659 2736 755 2789 soedus
776 2734 886 2788 amoris

261 2824 358 2878 Diluis
378 2826 522 2879 alternum
542 2839 645 2897 pectus
665 2829 694 2881 in
715 2829 856 2887 officium,

192 2915 249 2972 Me
269 2925 316 2969 tua
336 2917 489 2987 quaesitum
509 2918 602 2972 bibuli
623 2921 748 2991 Saxonis
767 2919 797 2987 l)
820 2919 854 2971 ad
873 2917 965 2972 urbes

261 3009 358 3063 Missa
377 3020 421 3063 est
440 3011 575 3066 sollicitis
593 3014 689 3072 littera
709 3016 783 3066 lacta
801 3008 899 3079 notis,

193 3101 280 3154 Venit
299 3111 326 3155 et
346 3102 380 3155 ad
401 3103 556 3173 Scythicos
576 3107 730 3161 Germano
750 3106 778 3158 in
796 3106 895 3159 littore
915 3104 1074 3171 Cimbros,

261 3195 299 3248 Et
316 3213 411 3266 prope
429 3196 597 3266 Pomeriis‚
617 3199 724 3252 nuncia
744 3200 837 3266 lama,
854 3198 931 3251 loeis
942 3217 952 3265 3

193 3286 331 3352 blarohia
350 3307 397 3343 me
418 3291 504 3343 tellus
523 3309 668 3362 nusquam
687 3292 839 3360 respondit
859 3303 994 3355 euntem,

261 3381 328 3434 bec
348 3383 423 3434 sacta
443 3391 487 3435 est
509 3385 586 3437 votis
604 3384 727 3441 Francia
747 3384 801 3437 lida
821 3385 888 3437 tuis.

227 3559 250 3607 *l
268 3571 293 3601 v.
315 3561 351 3607 17.
398 3562 540 3617 Verglelelre
568 3565 632 3610 diere
658 3565 700 3611 mit
726 3565 812 3609 andern
838 3565 1015 3621 Ampielmrgen
1042 3563 1142 3608 llultens
1168 3567 1212 3609 aul

261 3642 298 3688 die
333 3645 474 3691 Trunlrllelre
510 3649 551 3692 der
581 3650 733 3705 Tenlsehen,
778 3650 918 3704 vorzriglielr
956 3651 998 3693 der
1033 3649 1133 3694 Saehsen
1166 3650 1209 3694 in:

261 3726 373 3784 „Guioci
398 3725 543 3775 Medicina“
570 3746 589 3776 c.
616 3733 655 3783 19.
691 3733 717 3778 ln
737 3735 788 3779 (lem
808 3735 953 3790 Epigramm:
984 3739 1047 3794 „Qui
1074 3741 1099 3778 et
1122 3739 1207 3791 quales

261 3814 345 3858 realize
363 3816 492 3867 imperium
511 3813 644 3859 ainliantf‘
662 3838 693 3848 -
712 3819 738 3862 ln
759 3821 813 3863 der:
844 3821 963 3869 „Exim
983 3824 1014 3863 ad
1031 3820 1155 3863 Mrrximr'l.
1176 3823 1202 3863 ln

187 3929 188 3932 ,
264 3899 347 3941 Ferret.
371 3896 430 3941 Hex.
456 3892 480 3945 6.
505 3922 538 3930 -
563 3900 641 3951 Epist
670 3902 728 3946 Jalr.
755 3904 843 3948 Pileat.
870 3906 901 3946 ad
925 3905 1086 3953 (Orminion)
1111 3908 1136 3946 ta
1164 3907 1206 3956 lla.

261 3982 323 4024 oller.
345 3976 408 4024 olrf‘
443 3978 539 4025 Eodlirlr
560 3982 582 4025 lo
603 3983 664 4027 dea:
684 3987 879 4038 „lirsrvlcr'aarer2
892 3986 1007 4044 Dialaqs‘
1066 3969 1071 3979 ’
