2640 4634
212 427 274 478 cru
377 403 652 490 Grabschriften
672 403 752 476 'und
776 401 1054 500 Erinnerungen

212 604 303 656 Hutr.
362 580 430 666 Nec
449 595 565 670 cecidi,
594 613 654 679 nec
669 592 760 669 diuis
781 613 881 671 eram,
909 593 986 674 quid
1002 591 1051 666 ine
1075 593 1220 671 improba

723 705 726 710 ’
867 692 1012 779 ⁴captas?

361 795 440 858 Pars
459 795 573 857 etenim
592 804 735 873 superest
753 792 887 856 maxima
898 782 980 863 'viva
997 795 1069 855 mei.

210 904 319 960 Mors.
360 896 476 970 Stulte,
499 895 577 976 quid
593 893 768 975 ambiguam
778 904 850 974 post
863 893 926 954 sata
942 893 1110 955 novissima
1125 895 1221 957 vitam

364 993 502 1076 Captae?
520 996 584 1065 haec
601 993 693 1067 fatuae
711 994 831 1073 somnia
847 993 958 1059 mentis
975 1004 1074 1056 erant.

209 1098 304 1160 Huta
360 1095 449 1169 Vivo
478 1094 644 1178 equidem,
674 1081 781 1186 'neque
808 1093 835 1154 sl
863 1113 995 1172 eorpus,
1025 1096 1107 1156 'male
1132 1112 1221 1172 sana,

350 1212 353 1217 ’
384 1207 385 1210 ¹
512 1189 515 1196 Ι
886 1192 998 1268 tulisti,

332 1343 334 1347 ,
357 1294 420 1361 vis
441 1294 544 1355 animo
566 1293 654 1355 venit
672 1293 810 1354 vulneris
829 1295 890 1354 ulla
905 1313 989 1369 meo2

209 1400 318 1469 Mors,
359 1393 445 1472 Quid
465 1393 522 1466 tibi
540 1391 641 1462 fallaci
662 1391 809 1460 blandiris
832 1391 968 1474 imagine
988 1391 1082 1469 vitre?

361 1493 471 1555 Omnis
492 1492 530 1551 ab
552 1491 691 1552 extincto
710 1507 852 1570 corpore·
866 1491 930 1552 vita
951 1490 1042 1572 jacet.

197 1580 300 1670 ‘Huta
360 1591 446 1674 Quid
461 1591 537 1653 mihi
551 1591 663 1653 damna
679 1609 765 1667 vagae
782 1591 923 1660 mentiris
940 1590 1042 1660 inania
1052 1591 1186 1652 mortis?

361 1690 470 1772 Major
490 1691 529 1755 ab
548 1691 687 1753 extincto
708 1710 844 1769 corpore
864 1691 929 1761 uita
942 1702 1056 1751 manet.

209 1803 317 1869 Mors.
357 1793 400 1854 ‘Ut
419 1791 478 1854 sibi
493 1790 556 1871 jam
571 1792 690 1870 fingant
706 1789 839 1870 aliquam
855 1802 908 1850 tua
926 1791 1046 1853 somnia
1060 1790 1171 1864 vitam,

359 1891 479 1954 Fabula
497 1891 574 1972 quid
592 1889 663 1965 uitae
681 1885 824 1970 proderit
840 1892 898 1950 ista
916 1888 998 1950 tibi?

209 2004 299 2072 Hirta„
358 1995 460 2074 Quam
473 2011 543 2062 mea
554 1990 637 2056 sama
652 1989 727 2055 mihi
743 1990 852 2058 tribuit
871 1992 1048 2067 verissima,
1068 1992 1182 2066 vitam,

358 2079 504 2165 Adserit,
525 2101 558 2151 et
574 2087 696 2169 superis
713 2112 764 2156 me
782 2090 857 2167 facit
877 2112 945 2154 esse
964 2113 1085 2171 parem

209 2200 319 2272 Morat
358 2189 469 2254 Diisne
484 2211 592 2270 parem
606 2189 700 2263 saciat
717 2201 748 2252 te
767 2190 850 2260 sama
865 2191 1036 2268 lenissima,
1056 2191 1147 2272 cujus

359 2289 455 2372 Facta
470 2301 534 2363 est,
555 2300 649 2370 atque
668 2289 777 2361 eadem
797 2291 939 2371 corporis
956 2294 1066 2368 umbra
1084 2291 1152 2353 tui?

209 2402 324 2475 fluct„
360 2391 433 2464 Non
456 2389 516 2468 ita,
544 2410 680 2475 namque
698 2389 789 2472 breui
809 2393 946 2471 ¹clausum
969 2403 1015 2451 est
1034 2391 1132 2472 breve
1150 2411 1222 2454 eor·
1254 2474 1256 2476 Ι

882 2513 941 2572 pus
953 2484 989 2553 ¹in
1003 2512 1082 2553 urna
1091 2493 1113 2564 :l

360 2591 456 2653 Fama
473 2611 602 2662 manens
615 2591 717 2671 pulsat
734 2590 814 2654 Solis
829 2603 993 2676 utramque
1011 2592 1157 2664 Domum.

209 2701 317 2768 Mors,
356 2693 409 2768 Ad
424 2704 455 2752 te
470 2692 552 2753 fama
568 2691 643 2754 nihil
660 2703 714 2759 tua
733 2691 870 2771 pertinet
889 2694 1034 2771 amplius,
1059 2715 1101 2754 ex
1118 2679 1183 2774 ¹quo

139 2794 143 2803 '
357 2791 421 2855 Seu
435 2792 520 2866 borsa
528 2837 537 2869 ,
559 2812 616 2853 sen
630 2793 707 2856 mala
725 2791 765 2885 sit
773 2835 781 2867 ,
805 2791 847 2860 nil
869 2789 926 2861 tibi
944 2789 1023 2856 scire
1042 2790 1132 2851 licet*
1196 2800 1199 2805 '

208 2897 298 2954 Hutt.
358 2889 432 2962 Non
440 2888 498 2966 ita,
518 2911 589 2963 nam
597 2891 708 2951 Manes
719 2889 822 2965 venit,
837 2887 1116 2968 ethonasamasuh
1128 2891 1218 2966 imos,

357 2990 400 3049 Et
416 2992 495 3052 mala
512 2991 595 3070 apud
613 2992 751 3070 Superos
770 2989 854 3049 nulla
870 2988 978 3058 relicta
994 2989 1069 3051 mihi
1086 3002 1143 3051 est.

206 3097 315 3154 Mors.
355 3090 460 3170 Ergo,
485 3088 564 3171 quid
580 3090 704 3163 utilium
721 3089 913 3168 confeceris,
945 3088 1061 3169 optime
1068 3099 1076 3165 3
1096 3111 1219 3167 rerum,

249 3248 251 3253 ,
357 3189 444 3251 Scire
462 3209 565 3269 operae
584 3190 739 3269 pretium,
759 3201 790 3251 te
810 3190 968 3260 referente
988 3190 1062 3269 mihi
1080 3202 1137 3252 est.

132 3286 134 3291 ’
206 3300 295 3351 Hutt.
355 3292 543 3372 Quanquam
561 3301 640 3355 teste
659 3302 751 3373 egeat
769 3293 854 3358 nullo
870 3311 957 3364 mens
977 3291 1103 3353 conseia
1126 3292 1217 3368 recti,

356 3390 431 3450 Non
450 3401 553 3451 tamen
570 3402 616 3453 est
632 3392 714 3456 ullus
732 3390 837 3464 dicere
854 3413 929 3452 vara
946 3391 1062 3468 pudor.

205 3492 314 3548 Mors⁴
352 3488 537 3568 Dirigitur,
556 3491 629 3571 qnia
640 3511 704 3566 nnn
714 3492 812 3572 pudet
825 3489 875 3549 hlc
885 3509 1015 3571 qunque
1028 3511 1108 3553 vana
1116 3490 1220 3566 fateri,

356 3588 433 3666 Quae
449 3586 541 3649 vivus
559 3589 674 3651 faciant
690 3601 724 3651 ut
742 3589 871 3660 vitleare
888 3588 969 3650 tibi?

206 3690 297 3744 Hutt.
357 3685 480 3747 Parvus
501 3687 616 3761 adhue,
638 3692 802 3771 primaque
820 3701 930 3768 notans
944 3689 1091 3772 lanugine
1108 3693 1219 3768 malas,

354 3785 522 3848 Musarum
543 3798 629 3847 certo
649 3792 776 3858 numine
794 3792 904 3869 plenus
922 3809 1016 3867 eram„

356 3885 444 3945 Talia
456 3886 603 3947 concinui
621 3886 750 3966 juvenili
771 3891 905 3954 earmina
922 3891 1060 3972 plectro,

353 3984 465 4066 Qualia
486 3988 632 4067 permulti
653 4009 718 4052 uon
736 4002 870 4070 potuere
893 4009 995 4069 senes.²
