2670 4628
517 352 572 423 Ex
596 354 688 425 urbe
713 351 820 425 missa
903 420 907 432 ,

516 550 581 627 Ad
620 551 832 624 cosdem.

165 730 286 793 Invitus
312 731 392 793 Galli
420 731 582 793 vobiscum
607 731 686 790 hanc
711 751 846 791 consero
873 753 1030 815 pugnam,

239 831 273 893 Si
295 832 387 906 libet,
418 843 566 911 expertes
596 832 687 891 cedis
711 831 824 892 habete
850 854 968 895 mauus.

164 929 267 991 Caerlis
294 932 406 993 habete
433 953 563 1004 manus,
597 952 657 992 nec
682 953 733 993 me
756 932 850 993 facite
877 954 945 994 esse
961 949 1174 1014 nocentem,

236 1032 325 1092 Dum·
350 1033 439 1110 capio
467 1044 574 1092 vestro
602 1031 736 1094 forsitan
759 1054 846 1095 arma
867 1037 958 1095 malo.

162 1133 217 1194 Sin
244 1146 291 1194 est
315 1134 363 1195 illa
388 1134 450 1195 mei
476 1133 540 1194 sitis
567 1134 745 1213 importuna
765 1135 905 1207 crucris,

237 1236 279 1295 Ut
299 1247 427 1315 tangant
452 1237 541 1296 nullae
567 1246 697 1312 pectora
722 1246 826 1296 vestra
852 1257 973 1314 preces.

160 1336 229 1396 Jaur
256 1334 403 1415 quiddam
431 1335 496 1413 ipse
526 1357 619 1394 mauu
648 1336 791 1408 audeb0‚
822 1347 996 1418 contraque
1018 1338 1180 1414 resistam,

235 1436 331 1495 Imler
333 1457 420 1494 orem
440 1456 480 1494 ue
502 1435 572 1516 quis
595 1435 676 1495 (licat
696 1436 800 1496 obisse
818 1457 939 1497 necem.

154 1536 314 1608 Audebo,
344 1547 375 1595 et
400 1535 548 1616 quoniam
570 1533 687 1611 justum
707 1547 778 1596 aute
798 1557 986 1618 aequumque
1006 1536 1156 1616 poposci,

234 1639 307 1697 Nou
329 1638 426 1695 11001111
429 1659 448 1695 u
470 1639 598 1714 posthac
617 1635 768 1695 ulteriore
786 1658 892 1714 prece.

160 1738 234 1797 Este
262 1748 365 1797 autem
392 1757 566 1808 memores,
598 1735 676 1816 quid
702 1734 823 1813 possint
847 1734 959 1815 fasque
985 1735 1161 1817 nefasque,

234 1839 341 1920 Atque
361 1839 523 1898 homiuum
541 1857 647 1897 curam
666 1833 786 1895 credite
805 1835 922 1918 habere
942 1836 1040 1896 Deos.

160 1941 244 1998 Tum
262 1960 341 1998 vero
361 1939 513 1999 immenso
533 1938 616 1998 vires
637 1935 768 2018 gliscere
788 1935 924 2014 pericle,

230 2040 273 2099 Et
293 2040 464 2119 desperatis
484 2059 565 2118 saepe
585 2038 689 2100 redire
710 2039 824 2101 Deum.

595 2240 736 2257 -n—nh-

245 2416 307 2485 Ad
342 2443 386 2488 se
418 2417 562 2513 ipsum
594 2418 751 2488 eodem
782 2420 822 2490 in
853 2416 1075 2512 periculo.
1147 2474 1150 2481 .

1166 788 1171 797 ’
1221 894 1325 1079 a

155 2592 266 2673 Usque
286 2591 365 2651 adeo
387 2591 528 2651 nemori
546 2592 695 2652 miserum
714 2592 784 2650 est?
813 2591 906 2651 timor
928 2593 1027 2651 omnis
1048 2591 1156 2650 abesto
1163 2635 1173 2664 ‚

231 2692 328 2753 Forte
350 2680 467 2772 aliquid
486 2711 592 2752 secum
611 2703 718 2752 nostra
734 2689 826 2750 ruina
849 2693 959 2752 trahet.

153 2793 211 2854 Me
232 2793 332 2872 patiar
354 2793 458 2854 Gallos
478 2805 597 2854 terrere
617 2793 664 2854 his
685 2791 817 2852 vocibus
837 2792 943 2853 ultra?

230 2893 375 2955 Convelli
394 2893 516 2974 ignavis
534 2893 602 2974 ipse
621 2905 780 2975 putetque
799 2893 916 2954 minis?
981 2948 986 2955 .

153 2996 219 3057 Aut
237 2993 293 3053 ubi
312 2994 476 3072 proposita
499 3005 546 3052 cst
565 3015 666 3069 mors,
696 3006 727 3054 et
745 2994 823 3077 suga
842 2996 952 3056 mortis
973 2995 1132 3072 adempta,

228 3095 400 3154 Armorum
418 3094 566 3153 miserum
585 3094 618 3152 vi
637 3095 787 3155 cecidisse
807 3107 925 3173 putem.

154 3191 241 3272 Quin
259 3194 324 3253 hacc
343 3213 405 3251 uua
423 3191 496 3253 mihi
508 3182 621 3271 ¹potius
639 3193 747 3253 solatia
766 3195 894 3268 mortis,

229 3294 271 3353 Et
289 3293 377 3353 iuvat·
396 3295 449 3354 has
468 3293 565 3375 igitur
585 3292 777 3371 precipitare
796 3315 911 3368 moras.

153 3395 222 3455 Vos
242 3404 337 3454 testes
354 3394 443 3473 prius
465 3404 531 3454 este
552 3395 632 3468 Dei,
660 3393 745 3454 serre
768 3387 853 3455 arma
872 3407 1032 3469 coactum,

224 3495 327 3556 Multa
345 3494 425 3556 adeo
447 3496 552 3556 Gallos
571 3495 796 3573 praemonuisse
818 3496 882 3557 diu.

152 3598 236 3659 Tum
257 3595 386 3656 iactasse
407 3616 533 3674 preces,
566 3595 704 3656 voluisse
726 3595 872 3656 occidere
894 3597 1020 3670 Gallos,

226 3697 362 3758 lusoutis
381 3696 464 3758 flecti
484 3718 551 3757 11011
570 3696 708 3757 voluisse
731 3716 837 3774 prece.

151 3798 221 3858 Jam
247 3809 368 3858 certum
391 3809 438 3857 est
464 3796 591 3858 tumidis
615 3797 711 3857 vitam
733 3799 813 3859 hauc
840 3798 1003 3859 effumlere
1033 3795 1146 3869 Gallis,

226 3897 280 3960 Dii
306 3899 423 3974 faxint,
455 3900 569 3962 horum
597 3898 741 3959 concidat
765 3898 814 3960 illa
840 3880 931 3960 malo.
