2640 4634
153 357 211 416 um
427 333 586 416 Urtheile
613 335 704 407 iiber
729 332 883 415 Huttens

361 530 392 606 5)
430 529 545 623 ldeml
566 527 605 590 in
632 546 694 608 op.
723 526 807 586 eod.
846 548 877 606 p.
895 524 942 588 93.

156 699 160 707 ·
229 705 266 720 -
285 713 322 726 -
344 670 419 733 Fuit
438 671 598 735 nobilitate
616 658 760 735 eithude
780 667 905 751 generis
925 669 1045 752 antiqui
1063 668 1160 750 inpri-

153 774 210 837 mis
222 775 340 845 clarus,
354 771 502 834 doctrinas
510 770 638 835 eruditis
646 771 810 854 princeps,
822 769 1104 851 impatientissimus
1114 769 1162 831 in·

152 874 303 954 jariarum
313 871 480 949 ,libertatis
492 866 817 953 isnmwmaeoupidus,
832 891 897 933 nou
905 890 1035 950 prorsus
1042 867 1160 933 alienus

152 968 313 1047 asseritis,
335 995 403 1056 quae
415 972 509 1042 etiam
517 972 814 1050 miltiuaoerbitate‚
833 981 864 1032 et
879 969 980 1039 minus
990 970 1159 1059 elemente,
1185 957 1188 961 ⁴

150 1060 309 1137 interdum
333 1072 476 1141 oratione
493 1070 701 1154 iudieabauu.
740 1073 802 1134 Sed
822 1092 927 1152 neque
946 1090 1043 1152 opum
1064 1071 1161 1133 abun-

151 1175 272 1248 dantia,
293 1195 398 1256 neque
415 1173 579 1255 corporis,
607 1170 641 1235 in
658 1194 724 1261 quo
745 1174 913 1237 admodum
936 1171 1048 1253 pusillo
1067 1185 1160 1256 atque

152 1274 247 1340 debili
277 1275 378 1340 inerat
410 1275 564 1344 animus
600 1273 764 1356 ingens,
797 1294 840 1341 ac
871 1272 1006 1347 ferox,
1040 1273 1159 1341 viribus

151 1377 285 1456 pollens.
305 1409 341 1420 ·-
363 1415 400 1433 ψ
419 1375 451 1439 si
473 1369 602 1436 consilia
628 1386 660 1434 et
679 1383 808 1438 conatus
834 1371 965 1434 Hutteni
985 1393 1050 1434 non
1071 1374 1158 1436 defe-

152 1457 287 1549 iissent,
319 1474 408 1556 quasi
428 1474 519 1536 nervi
541 1473 711 1554 copiarum
729 1486 823 1557 atque
842 1471 986 1554 potentiae
1010 1471 1159 1552 jamtum

151 1575 280 1643 mutatio
302 1572 441 1639 omnium
457 1593 562 1639 rerum
583 1574 769 1650 exstitisset,
797 1586 828 1640 et
846 1572 935 1664 quasi
957 1571 1042 1641 orbis
1062 1587 1157 1643 status

151 1673 269 1762 publici
288 1672 400 1742 fuisset
419 1695 601 1741 conversus·

226 1848 257 1925 6)
277 1849 336 1914 Jo.
357 1849 569 1921 Sleidanus
588 1851 635 1912 de
655 1851 768 1912 Statu
788 1847 1025 1931 Religionis
1045 1860 1084 1912 et

319 1951 435 2037 Reip.
458 1950 672 2021 Comment.
709 1953 730 2012 l.
751 1951 810 2013 IV.
838 1971 872 2031 p.
891 1947 937 2010 53.
957 1948 989 2010 b.

224 2092 311 2155 luter
333 2093 411 2156 alios
440 2092 612 2159 Germaniae
642 2095 729 2157 viros
759 2093 889 2166 doctos,
933 2089 989 2176 qui
1014 2093 1157 2158 Luthero

150 2192 318 2274 plurimum
341 2194 505 2269 favebant,
546 2206 612 2262 erat
641 2196 784 2264 Ulrichus
816 2196 973 2262 Huttenus
998 2192 1156 2270 Francus,

150 2292 249 2354 nobili
276 2316 393 2376 genere
413 2307 521 2358 natus:
542 2335 577 2350 -·
597 2297 731 2359 Exstant
754 2297 894 2378 quaedam
914 2292 983 2373 ejus
1007 2297 1158 2379 opuscula

44 2426 48 2430 -
150 2413 219 2477 quae
232 2415 376 2477 magnam
386 2394 506 2478 ingenii
515 2397 708 2472 libertatem,
727 2409 758 2464 et
768 2395 966 2467 acrimoniam
978 2395 1156 2462 ostendunt.

225 2567 256 2644 t)
278 2531 394 2635 Conr.
416 2571 720 2638 Rittershusius
740 2575 780 2635 in
800 2573 1015 2640 comment.
1034 2575 1081 2640 de

373 2668 470 2733 Vita
494 2672 567 2736 Bit.
588 2674 804 2743 Pirkheim.
836 2696 867 2754 p.
886 2674 933 2736 33.

223 2809 367 2876 Ulrichus
384 2815 560 2894 Huttenus,
588 2816 745 2888 Francus,
775 2835 834 2894 pro
855 2813 984 2878 mirifica
1001 2813 1155 2896 magnitu-

148 2910 220 2972 tline
243 2913 362 2993 ingenii
380 2916 530 2978 acerrime
547 2940 581 2978 so
605 2912 807 2993 corruptelis,
839 2935 916 2995 quas
940 2913 973 2973 in
991 2912 1153 2993 praecipuis

146 3009 216 3073 vite
242 3011 405 3079 ordinibus
427 3001 607 3091 notaverat,
637 3012 802 3103 opposuitr
839 3034 949 3080 verum
976 3015 1016 3081 ad
1036 3025 1176 3080 etatem,

147 3129 214 3206 non
232 3132 376 3195 magnam
395 3115 548 3198 pervenit·

288 3290 321 3366 8)
339 3291 441 3355 Otho
463 3284 728 3356 Brunlelsius
749 3292 788 3354 in
807 3293 1002 3371 Respons.

390 3395 439 3472 ud,
464 3397 609 3478 Spong.
637 3393 807 3460 Erasmi.
839 3393 863 3460 l.
884 3394 912 3457 3.

207 3535 395 3609 ‚Huttenus,
413 3536 463 3597 vir
477 3539 516 3598 de
535 3537 671 3617 pietate,
692 3537 884 3620 Evangelio,
904 3535 1076 3618 religione,
1098 3537 1153 3597 de·
1193 3523 1196 3532 Δ

7 3621 10 3626 ’
74 3675 107 3731 'Q
144 3651 208 3713 que
226 3634 318 3698 bonis
335 3635 413 3699 viris
435 3635 551 3716 optime
565 3637 712 3710 meritus,
731 3637 836 3717 patrias
851 3633 1005 3700 libertatis·
1015 3635 1152 3710 vindex,

142 3734 281 3798 veritatis
303 3737 463 3810 adsertor,
499 3733 701 3799 Curtisnnioae
722 3736 922 3819 impugnator
942 3732 1153 3797 constantissi-

141 3855 227 3908 mus,
248 3834 445 3915 Papistarum
463 3832 571 3897 hostis.
590 3873 627 3888 -
648 3870 679 3880 -—
701 3838 817 3901 Passus
837 3849 884 3898 est
899 3856 959 3916 pro
976 3835 1152 3900 Christiana

140 3955 176 3994 re
194 3937 307 4007 multa,
327 3944 359 3993 et
377 3955 490 4016 magno
513 3935 616 3999 animo
638 3934 767 4015 injurias
793 3935 988 4021 contempsit.
