2640 4634
161 1668 183 1703 Vr·

225 391 288 463 1.ῖὸ
408 456 411 466 ,
580 379 863 481 Epigrammata.

222 578 327 661 Qualis
348 597 386 637 ea
403 584 470 646 est,
490 593 557 634 nou
576 583 623 631 est
642 570 788 652 Aquilam
807 583 1009 637 contemnere
1028 585 1142 650 tutam,
1212 650 1219 667 Ι

297 679 384 754 Saepe
406 671 482 755 quid
504 683 658 733 assuetam
677 672 778 747 ferre,
799 693 972 755 morasque·
986 676 1059 754 pati.

220 782 353 859 Jamque
374 783 528 853 soporatae
548 772 669 847 similis,
689 773 716 833 si
734 773 871 845 moverit
890 776 969 848 alas,

295 881 383 958 Quos
403 894 469 934 non
488 870 639 935 continuo
662 875 786 935 conciet
804 874 855 935 illa
872 875 998 935 metus?
1061 930 1065 937 .

217 982 292 1043 Non
311 964 413 1037 tutum
432 985 480 1033 est
500 972 621 1054 Aquilae
642 973 761 1034 Veneti
780 986 982 1035 contemnere
1002 997 1135 1055 pennas,
1196 980 1201 989 ‘

293 1073 446 1189 Eprelde
466 1073 512 1134 his
532 1071 615 1152 potis
637 1085 701 1147 est,
725 1085 756 1133 et
775 1074 922 1135 nocuisse
942 1075 1015 1137 cito.

661 1249 800 1263 *nn—-

407 1388 475 1458 De
513 1386 704 1455 Caesare
739 1396 783 1452 ct
818 1385 1031 1489 Venetia,
1094 1467 1117 1491 -.

217 1551 306 1613 Rana
326 1566 446 1626 procax
471 1563 572 1622 nuper
592 1544 731 1603 Venetas
753 1560 880 1625 egressa
899 1548 1046 1625 paludes,

289 1651 376 1712 Ausa
396 1658 460 1719 est,
486 1663 579 1726 quam
599 1643 717 1722 tetigit,
735 1643 861 1705 dicere:
881 1657 964 1708 terra
983 1669 1052 1709 mea
1072 1657 1156 1724 cst,¹

216 1753 317 1832 Quam
336 1748 447 1827 procul
464 1757 500 1807 ut
518 1743 598 1804 vidit
617 1745 744 1821 specula
762 1744 852 1806 Jovis
872 1748 934 1806 ales
947 1749 992 1808 ab
1013 1752 1086 1823 alta,
1139 1758 1142 1763 ’

290 1847 484 1910 Contulsam
502 1847 549 1907 ad·
562 1846 660 1906 luteas
678 1866 787 1925 ungue
806 1850 932 1911 retrusit
954 1856 1059 1934 aquas.

656 2023 795 2036 *nu-u*

367 2162 433 2229 De
459 2151 749 2226 Venetorum
774 2160 1071 2248 petulantia.

213 2319 299 2380 Bella
317 2327 446 2377 movent
465 2314 601 2387 Veneti,
623 2326 758 2393 poscunt
778 2326 809 2374 te
830 2314 863 2375 in
881 2321 988 2396 proelia
1009 2319 1130 2399 Caesar,

289 2419 365 2497 Quae
386 2415 497 2476 mora?
524 2415 563 2476 da
582 2414 712 2487 bellum,
733 2415 840 2493 proelia
862 2415 1039 2480 Caesariui.

213 2518 380 2596 Excipiant
400 2515 503 2577 Rhoeti
525 2516 686 2589 Venetos,
707 2498 888 2596 alacresque
907 2518 1021 2593 Suevi,

289 2619 462 2678 Germanos
485 2613 604 2696 gladios
625 2615 699 2675 Itala
718 2636 824 2692 parma
845 2628 951 2696 voret.³

213 2721 288 2778 Haec
306 2717 438 2777 vixdum
455 2714 595 2774 ediderat
615 2713 796 2795 quisquam,
827 2736 896 2774 cum
916 2713 978 2794 jam
994 2718 1108 2799 impete
1127 2722 1229 2804 sacto,

289 2817 327 2875 lu
346 2817 488 2874 Venetos
508 2823 632 2885 rueret,
652 2810 898 2901 consereretque
920 2835 1053 2879 manum.

213 2914 364 3019 (inmunia
383 2913 570 2994 progenies,
592 2921 624 2969 et
644 2933 761 2993 magnae
784 2913 845 2972 lilia
867 2915 987 2990 ircim,

289 3017 362 3095 Quo
383 3008 492 3092 fugis?
511 3008 614 3071 hostili
635 3010 807 3091 compede
828 3011 900 3074 siste
919 3016 1042 3097 pedem.
1071 3090 1076 3102 ‘
1117 3064 1119 3069 .

644 3182 777 3215 “qs—unt

465 3322 535 3393 De
576 3272 721 3396 Billo
760 3326 963 3400 Veneto.

185 3528 189 3533 .
213 3485 297 3563 Quid
315 3486 434 3548 faciunt
453 3474 596 3542 Veneti?
616 3495 766 3562 pugnant.
806 3487 879 3565 Quo
900 3489 1017 3552 milite?
1036 3493 1127 3554 ranis.

259 3652 262 3658 Ι
287 3586 359 3663 Quo
381 3581 483 3645 duce?
502 3581 649 3641 mentitus
668 3583 806 3663 praecipit
826 3606 910 3646 arma
928 3590 1009 3651 Leo.

212 3683 296 3744 Tum
308 3683 427 3762 quibus
437 3679 581 3741 auxiliis?
603 3682 773 3743 Gallorum.
804 3686 842 3745 ln
856 3708 923 3768 quo
934 3691 1023 3750 haste
1035 3705 1224 3766 morantur?

286 3780 418 3842 Caesare.
457 3779 542 3858 Quid
561 3782 670 3859 praedae
691 3782 976 3863 quae1·itur?ltalia.

211 3879 296 3959 Quid
315 3901 441 3961 gessere
460 3879 577 3961 igitur?
597 3883 749 3962 quosdam
769 3884 916 3943 excivere
936 3891 1093 3952 tumultus.

151 4035 154 4041 .
238 3964 247 3987 ‘
284 3981 380 4062 Quod
397 3967 657 4057 sortassc'duces¹
670 3983 782 4045 terruit
800 3983 933 4046 Italicos'.

702 4131 717 4166 ιι
