2670 4628
60 326 89 361 ι’
183 344 247 445 Ι128,
451 367 506 443 nd
531 364 703 440 Maximil.
729 362 915 451 Caesarem
982 356 1035 492 0⁵

178 563 330 632 Ingentem
347 562 501 631 Babylona
518 571 619 633 regat,
646 561 818 632 Gazamque
837 562 1006 632 potentem

247 657 365 724 llasque
385 657 500 709 omneis
518 657 637 709 Venetis
656 656 770 708 viribus
784 644 873 708 ¹addet
891 670 983 724 opes3
1042 708 1048 719 ,
1080 722 1083 727 ¹

178 740 285 809 Omnia
304 766 358 820 pro
381 746 516 815 Venetis,
545 767 601 819 pro
619 759 647 802 tc
666 747 826 803 Germania
848 756 965 817 pugnet.
1028 784 1036 801 ,,

246 845 316 897 llaec
335 852 439 897 manus
458 843 493 894 ad
511 841 623 894 bellum
642 841 748 894 sufficit
765 858 822 893 una
841 841 904 894 tibi.
1001 830 1005 843 '
1101 818 1107 835 ⁸

177 918 248 991 Non
268 947 343 1006 opus
365 943 428 1000 est,
458 934 523 986 flavi
542 935 685 987 ducantur
706 934 735 985 in
754 946 835 986 arma
856 933 1005 999 Britannig'

245 1028 340 1096 thue
360 1034 453 1078 armet
470 1026 599 1095 populos
620 1011 715 1080 Gallia
733 1028 837 1093 magua
854 1034 937 1077 suos·

176 1102 248 1176 Non
266 1135 341 1188 opus
363 1128 427 1184 est,
456 1119 584 1187 equitem
603 1119 720 1173 trahere
739 1117 768 1170 in
788 1128 837 1170 tua
857 1125 952 1170 castra
968 1117 1133 1186 Polouuub

243 1215 302 1267 Aut
321 1211 349 1262 in
369 1228 458 1279 opem
477 1207 628 1281 Scythicas
646 1212 755 1264 ducere
774 1209 954 1264 Pannonias,

174 1294 258 1359 Adde
276 1296 346 1360 nihil
365 1304 474 1370 nobis,
503 1304 528 1356 si
548 1303 617 1374 quid
638 1302 799 1357 Germania
818 1303 923 1371 priscae

226 1397 351 1468 ‚Laudis
373 1394 481 1461 habet,
505 1395 529 1448 sl
553 1389 624 1464 quid
641 1395 752 1448 Martia
772 1395 859 1448 turba
878 1401 987 1464 potesta

175 1470 203 1542 Si
222 1504 279 1558 qua
297 1487 374 1554 viget
391 1486 482 1539 nobis
499 1499 539 1539 'ex
556 1485 646 1541 rebus
666 1487 759 1554 gloria
778 1488 886 1556 gestis,

242 1581 371 1647 Franges
389 1579 450 1632 hoc
469 1579 595 1633 Venetas
613 1580 705 1634 milite
729 1579 852 1635 divitias,

173 1669 275 1730 Prima
294 1653 458 1731 Tridentini
476 1682 623 1726 maturent
641 1671 743 1742 pr'oelia
764 1673 862 1741 cives,

243 1749 350 1823 Omnis
368 1765 403 1818 ab
423 1768 551 1819 excussa
573 1766 673 1819 saeviat
693 1766 756 1836 alpe
780 1768 874 1821 furor.

172 1853 211 1914 Et
227 1858 376 1912 formidati
394 1857 579 1915 Venetorum
597 1858 681 1916 clade
700 1860 822 1928 Tyroli
815 1900 825 1926 ,

239 1951 336 2004 Exeat
358 1933 453 2019 Alpini
472 1948 578 2003 bellica
595 1951 639 2003 vis
657 1938 787 2006 Athesis.

173 2038 318 2114 Spargat
312 2060 340 2096 m
360 2060 521 2096 occursum
539 2027 678 2110 Venetis,
709 2059 785 2113 quos
804 2045 887 2098 Enus
907 2026 1042 2110 inutilem

243 2135 362 2209 Quique
381 2134 509 2188 timenda
527 2136 596 2188 lavit
615 2135 782 2191 Rhoeticus
804 2154 883 2191 arma
902 2139 1010 2207 Lycus

173 2223 248 2282 Post
266 2228 322 2278 sibi
342 2226 481 2280 finitimos
504 2230 659 2281 moveatur
680 2229 783 2296 Brisga
802 2229 971 2298 Trebotes,

242 2321 364 2391 Proque
384 2321 490 2391 aliquid
506 2323 599 2374 veteri
617 2322 703 2375 laude
723 2323 835 2375 Sucvus
855 2333 927 2391 agat.

173 2408 264 2468 Arma
282 2422 384 2481 gerant
402 2400 525 2495 Bavari,
554 2413 686 2494 linquant
705 2427 757 2469 sua
775 2431 844 2468 rura
863 2417 1026 2482 Nemetes3

241 2499 368 2560 Advolct
387 2517 415 2558 et
434 2489 507 2561 felix
525 2496 644 2562 Austria
662 2507 740 2560 bella
758 2517 848 2575 gerat

173 2599 253 2654 Tum
273 2580 449 2668 chalybem,
477 2601 642 2671 durumque
662 2601 813 2654 excudens
833 2601 926 2670 styria
954 2593 1085 2665 ferrum

241 2693 375 2744 Carnus
402 2701 430 2745 ct
448 2692 477 2746 in
497 2693 595 2763 pingui
616 2710 684 2746 rure
704 2678 862 2747 Carinthus
881 2695 988 2760 agens,

172 2783 303 2849 Vangio,
330 2784 534 2867 Vindelicique
554 2801 678 2850 omnes,
710 2795 738 2839 ot
761 2774 874 2840 Norica
893 2786 1006 2850 virtus,

242 2875 365 2927 'lorvus
385 2875 420 2926 ab
441 2864 581 2931 Hercinio
601 2877 713 2930 vertice
733 2863 844 2958 Remus
864 2880 918 2930 eat.

174 2966 308 3041 Quaeque
328 2967 401 3021 adeo
420 2984 494 3035 gens
513 2978 577 3036 est,
607 2951 728 3022 Moravi
747 2969 920 3039 promiscua
938 2969 1037 3035 civcs3

236 3059 274 3115 Et
294 3060 317 3112 si
337 3076 393 3129 qua
411 3060 472 3114 hoc
490 3061 586 3115 tractu
603 3063 724 3119 nomine
743 3061 822 3120 terra
841 3062 931 3117 caret.

171 3152 259 3212 Exue
279 3153 402 3207 Silesios
424 3135 522 3208 densis
542 3141 732 3209 cultoribus
728 3168 832 3223 ¹agros9

239 3233 327 3301 Mitte
347 3229 497 3316 paludosae
516 3229 627 3301 robore
646 3246 784 3302 Lusatiau

171 3327 280 3408 Pergat
303 3340 431 3393 arenoso
451 3339 594 3408 piscatrix
612 3325 752 3408 Marchia
770 3346 885 3403 tractu,

240 3431 374 3507 Quaeque
392 3431 518 3484 metallif
518 3449 570 3484 ero
591 3429 635 3485 est
651 3413 752 3487 Misna
773 3429 912 3498 opulenta
931 3410 1009 3484 s'olo:

170 3523 209 3582 Et
227 3524 284 3579 laeti
304 3523 444 3593 agrorum
464 3517 499 3576 de
521 3510 675 3575 fortalitate
696 3504 841 3589 Doringi,

237 3617 416 3686 Optimaquo
443 3627 597 3671 armorum
616 3615 715 3685 portio
735 3614 868 3668 Francus
893 3612 994 3684 eques:

172 3710 227 3766 Hic
245 3702 296 3765 'ubi
316 3725 349 3762 se
368 3708 483 3775 Mogus
503 3707 602 3759 curvis
621 3687 795 3775 ambagibus
818 3709 923 3773 infert3

238 3803 277 3857 Et
295 3815 387 3869 genus
407 3783 522 3853 invictae
538 3791 698 3853 nobilitatls
717 3800 775 3854 alin
900 3871 902 3877 Ι

174 3895 293 3971 Quique
313 3892 369 3958 agit
387 3891 415 3943 in
435 3889 547 3944 tetricis
566 3893 690 3944 venator
709 3873 862 3945 montibus
880 3873 1011 3953 Hessus;

241 3987 376 4065 Quaeque
396 3983 479 4037 fovet
496 3982 605 4038 durum
621 3983 728 4053 Fagina
747 4001 837 4056 parva
854 3997 959 4053 genuae
